3410 5408
875 407 916 470 50

264 589 338 655 torii
367 589 543 672 scriptores,
566 592 620 674 qui
641 595 677 656 ut
697 591 837 658 Velleius
858 591 1003 658 Vslerius
1026 591 1145 657 Seneca
1167 589 1250 656 filius
1271 590 1393 656 Plinius
1419 590 1522 654 minor

265 709 426 774 rhetorum
458 710 602 776 instructi
633 708 763 776 fuerunt
788 711 965 793 disciphna,
998 711 1055 776 sed
1086 710 1172 792 quod
1203 710 1288 774 idem
1317 710 1403 792 apud
1426 709 1522 774 Grae·

268 848 322 895 cos
355 828 472 894 fuctum
506 849 576 896 esse
606 831 756 910 vidimuS,
787 831 861 896 inde
896 832 934 896 ab
969 831 1122 896 Hadriani
1157 830 1355 910 imperatoris
1388 847 1522 910 magnus

266 950 401 1015 accrevit
428 950 641 1032 exemplorum
664 968 822 1015 numerus.
865 951 1051 1016 Hadriani
1072 951 1172 1032 ipsius
1194 950 1270 1015 haec
1284 952 1380 1016 verba
1397 956 1471 1016 sunt
1491 952 1523 1016 in

267 1069 455 1136 allocutione
475 1072 713 1136 Lambaesitana
737 1071 819 1154 (CIL
833 1071 916 1135 VIII
931 1073 1040 1154 2532):
1063 1071 1116 1155 qui
1136 1071 1290 1154 (caespes)
1312 1072 1431 1134 modulo
1450 1073 1525 1153 pari

267 1213 367 1254 caesus
388 1203 414 1254 et
435 1191 547 1255 rebitur
562 1193 657 1277 facile
677 1203 702 1254 et
723 1202 868 1254 tractatur
889 1203 915 1254 et
934 1193 996 1254 sine
1016 1191 1149 1254 molestia
1169 1193 1302 1268 struitur,
1321 1189 1415 1272 paulo
1438 1194 1522 1272 post:

265 1310 415 1392 lapidibus
427 1313 591 1394 prandibus
610 1313 749 1394 precibus
768 1311 981 1395 inaequalibus,
997 1334 1068 1396 quos
1089 1333 1180 1395 neque
1200 1311 1300 1374 uehere
1321 1333 1412 1396 neque
1431 1311 1520 1373 attol-

268 1430 327 1493 lere
348 1452 439 1515 neque
460 1431 557 1494 locare
578 1433 644 1515 quis
661 1433 765 1512 possit,
788 1449 881 1511 quem
905 1432 1028 1496 dicendi
1049 1450 1168 1495 morem
1191 1431 1331 1495 imitatus
1353 1430 1450 1495 estis
1471 1429 1525 1511 qui

269 1551 423 1616 Hadriani
445 1550 609 1632 epistolam
631 1549 720 1614 finxit
742 1539 821 1630 quae¹
842 1550 957 1631 legitur
977 1553 1010 1614 in
1025 1552 1090 1616 vita
1113 1551 1272 1616 Saturnini
1287 1551 1409 1632 tyranni
1431 1550 1469 1633 (c.
1482 1551 1524 1634 8).

272 1671 328 1736 sed
351 1689 389 1735 ea
410 1675 512 1735 aetate
533 1670 706 1734 litterarum
732 1670 794 1733 dux
816 1689 852 1734 ae
874 1671 1019 1751 princeps
1042 1671 1184 1734 Fronto
1214 1675 1246 1734 et
1274 1674 1342 1734 erat
1370 1672 1402 1731 ct
1430 1667 1523 1731 habe-

269 1791 371 1856 batur.
414 1809 486 1855 eum
508 1809 622 1872 purum
645 1797 757 1872 putum
779 1789 878 1855 fuisse
900 1789 1072 1870 sophistam
1097 1790 1351 1870 Graecorumque
1372 1789 1427 1870 qui
1450 1793 1526 1852 tunc

271 1911 398 1992 vigebat
432 1911 583 1992 loquendi
616 1902 782 1997 ἀρχαισμόν
814 1911 847 1974 in
880 1911 1008 1974 latinam
1040 1910 1240 1975 transtulisse
1272 1910 1411 1990 linguam
1450 1907 1524 1971 olim

270 2030 463 2095 Niebuhrius
484 2030 686 2108 intellexerat,
709 2030 763 2112 qui
784 2049 867 2093 nunc
888 2030 927 2094 de
947 2048 985 2093 eo
1006 2035 1104 2111 agunt
1126 2029 1215 2093 obliti
1233 2033 1321 2107 sunt,
1351 2028 1407 2092 sed
1428 2046 1465 2091 ea
1487 2027 1526 2091 de

271 2169 307 2215 re
327 2151 389 2215 alio
410 2151 480 2216 loco
502 2151 678 2232 disputabo,
699 2168 783 2214 nunc
805 2151 996 2214 Frontonem
1024 2151 1154 2230 eiusque
1183 2148 1353 2231 discipulos
1381 2153 1416 2212 ut
1445 2148 1526 2212 eius·

272 2271 343 2335 dem
373 2271 484 2334 aetatis
513 2269 669 2351 sophistas
699 2286 828 2350 graecos
857 2269 966 2334 tricola
1001 2269 1183 2350 saepissime
1213 2269 1394 2333 adhibuisse
1425 2267 1527 2332 allatis

271 2390 447 2472 potioribus
463 2389 650 2471 quibusdem
666 2389 816 2470 exemplis
831 2388 1061 2453 demonstrabo.
1094 2387 1200 2452 confer
1216 2389 1299 2452 enim
1314 2389 1405 2452 hace
1422 2407 1451 2469 p.
1464 2387 1527 2451 5N.

275 2510 330 2592 (M.
353 2509 481 2594 Caesar)
508 2509 603 2572 valeat
627 2531 742 2590 semper
769 2510 880 2591 intepro
907 2508 1029 2571 inlibato
1054 2509 1195 2571 incolumi
1219 2532 1350 2591 corpore.
1395 2511 1414 2571 5
1437 2509 1529 2570 babae

277 2629 398 2705 tlbesar,
414 2631 494 2712 uipeo
515 2628 596 2691 valeo
618 2629 723 2703 euulto,
745 2627 856 2692 eodem
876 2627 971 2692 modo
993 2630 1022 2690 8.
1045 2629 1094 2691 20.
1117 2631 1166 2692 26.
1189 2631 1238 2692 56.
1261 2631 1301 2693 78
1324 2629 1378 2712 (Μ.
1392 2629 1529 2712 Caesar).

276 2749 326 2811 85.
350 2750 425 2826 167;
447 2767 542 2829 porro
564 2747 670 2811 haec:
693 2749 711 2810 6
735 2748 808 2831 quid
833 2748 910 2810 enim
937 2770 988 2830 epo
1004 2771 1129 2830 possum
1155 2750 1320 2823 iucundius,
1348 2750 1421 2833 quid
1446 2749 1530 2811 blan·

277 2867 358 2943 dias,
385 2868 459 2950 quid
488 2867 646 2942 cruentius,
678 2865 851 2946 eodemque
880 2866 975 2929 modo
1004 2869 1032 2929 8.
1055 2870 1105 2930 26.
1127 2869 1177 2930 30.
1198 2869 1248 2930 41.
1271 2870 1320 2930 54.
1341 2871 1395 2947 55;
1424 2867 1529 2931 haec:

279 2987 316 3049 17
341 2986 395 3067 (Μ.
419 2984 546 3069 Caesar)
577 2987 663 3048 aliter
688 2985 807 3067 plaupit
835 3007 933 3047 seruies
959 2988 1165 3062 nannumissus,
1198 2989 1284 3050 aliter
1311 2988 1398 3050 cliens
1426 2988 1531 3049 lasaddi

277 3116 404 3182 uocatus,
432 3105 518 3168 aliter
539 3107 651 3168 airricus
673 3105 766 3187 lepato
793 3104 953 3167 honoratus
975 3109 1013 3170 27
1045 3107 1154 3190 (idenr)
1178 3109 1278 3170 literae
1299 3118 1381 3170 tanto
1402 3107 1532 3188 benipni-

278 3234 336 3286 late
352 3235 500 3307 scaterdes,
514 3237 596 3288 tanta
612 3227 776 3311 adfectione
790 3227 982 3302 abundantes,
997 3238 1077 3290 tanto
1093 3250 1194 3289 ornare
1213 3228 1342 3290 lucentes.
1365 3229 1405 3290 28
1421 3227 1530 3310 (idem)

278 3343 364 3425 nirqa
384 3344 415 3406 in
436 3367 542 3407 marsus
563 3347 617 3417 tibi
637 3347 785 3408 tradenda
811 3357 884 3428 erat,
914 3347 1054 3409 diadema
1082 3348 1372 3427 circumponendum,
1401 3346 1532 3410 tribuual

274 3461 457 3542 pancratium.
516 3465 558 3528 44
580 3464 690 3548 (idem)
725 3466 804 3550 quod
836 3467 893 3527 tuis
925 3468 1055 3529 moribus
1087 3468 1251 3548 indipnum,
1280 3468 1392 3550 nepotio
1423 3468 1532 3545 inutile,

280 3581 534 3645 circumstantibus
555 3584 780 3666 repreliensibile
799 3585 915 3647 uidetur
935 3608 1000 3649 esse.
1048 3589 1086 3650 57
1104 3587 1193 3668 patri
1210 3587 1336 3667 placete,
1366 3589 1458 3650 matri
1486 3589 1533 3650 dic

280 3701 411 3779 salntem,
434 3724 479 3764 me
493 3703 666 3766 desiderato.
713 3705 752 3767 60
769 3704 823 3787 (Μ.
837 3703 964 3790 Caesar)
986 3707 1110 3770 scribere
1124 3707 1259 3768 nuntium
1279 3707 1314 3769 de
1334 3710 1398 3790 ipso
1414 3709 1532 3770 baliano

281 3821 505 3901 optatissimum,
527 3824 614 3885 uerba
636 3825 819 3899 succinimus,
842 3826 963 3888 consilia
983 3825 1186 3889 saluberrima.
1232 3829 1291 3890 122
1314 3827 1444 3908 amplior
1461 3827 1535 3888 milti

281 3951 308 4003 et
328 3941 462 4003 ornatior
483 3942 602 4004 uidebar
623 3943 766 4006 dadreclu‘s
785 3945 945 4008 Eleusinae
952 3947 1039 4030 faces
1055 3949 1231 4029 asstantibus
1249 3959 1275 4010 et
1289 3948 1404 4030 repibus
1418 3957 1534 4028 sceptra

282 4061 440 4123 tenentibus
471 4072 497 4124 et
527 4061 676 4124 XVairis
702 4064 791 4128 libras
819 4067 999 4130 adeuntibus.
1048 4069 1110 4130 208
1139 4069 1207 4153 equi
1238 4069 1349 4131 lubrico
1378 4067 1533 4142 instabiles,

281 4202 389 4242 nunnus
411 4181 530 4265 fripore
555 4181 672 4257 inritae,
698 4206 785 4246 arcus
814 4186 956 4249 imbribus
981 4209 1103 4250 enerves.
1156 4191 1217 4252 226
1247 4187 1350 4252 Numa
1378 4189 1534 4270 epulorum

286 4513 355 4580 31,5.
373 4515 558 4579 36174213.
576 4515 662 4582 squ.
680 4515 748 4580 60,1.
767 4516 835 4581 83,3.
848 4518 934 4582 snm.
953 4519 1057 4584 34023.
1070 4521 1137 4583 scs.
1157 4519 1477 4588 413,1s.95,1o.97,2.o.
1495 4527 1535 4580 17.

285 4599 686 4665 600,23.03,11.ειιαε.67,20.
706 4631 739 4641 -
757 4602 787 4669 3)
806 4609 1077 4670 argumentorum
1099 4607 1284 4662 divisiones
1308 4611 1534 4679 tripartitae:

286 4696 366 4738 canu.
384 4689 442 4754 39,l
461 4704 518 4758 sqq.
537 4691 553 4741 5
572 4704 630 4758 sqq.
648 4689 734 4752 4720.
753 4689 822 4754 627.
841 4690 927 4755 sust.
946 4691 1029 4758 118,b.
1048 4693 1116 4758 66‚4.
1135 4693 1202 4759 78,9.
1222 4695 1327 4761 37720.
1345 4695 1449 4762 souti.
1466 4717 1534 4751 suas.

285 4773 372 4840 6387.
390 4773 458 4840 465.
479 4773 512 4828 10
530 4790 587 4845 sqq.
607 4773 676 4840 63,8.
