3410 5408
865 387 905 449 38

510 572 528 634 3
552 572 601 633 καὶ
623 560 755 656 ἀνάγκης
778 570 961 656 ψηφίσμασιν

456 689 489 752 ΙΙ
555 683 678 776 ἔπραξεν
700 689 720 752 ἀ
743 682 874 777 ἔπραξεν,

439 809 490 872 ΙΙΙ
515 812 531 872 1
554 805 573 879 ἦ
598 811 646 893 βία
667 805 855 897 ἀρπασθεῒσα

512 933 531 992 2
554 925 573 1000 ἦ
595 923 697 1016 λόγοις
715 937 872 993 πεισθεῖσα

513 1052 532 1112 3
554 1045 573 1120 ἦ
596 1053 684 1137 ἔρωτι
704 1045 828 1112 ἁλοῦσα.
851 1088 892 1098 -

476 1168 492 1230 Ι
516 1170 533 1230 1
556 1174 581 1230 εἰ
604 1167 657 1253 μὲν
679 1162 729 1232 οὖν
751 1161 801 1230 διὰ
823 1165 860 1231 τὸ
882 1177 1009 1258 πρῶτον,

514 1293 533 1353 2
556 1281 637 1364 ἄξιος
658 1295 814 1354 αἰτιᾶσθαι
837 1283 853 1351 ὁ
876 1283 1060 1376 αἰτιώμενος·

458 1408 491 1472 II
516 1412 533 1472 1
556 1415 631 1472 θεοῦ
651 1406 707 1498 γάρ
729 1411 895 1498 προθυμίαν

514 1533 533 1592 2
556 1527 724 1616 ἀνθρωπίνῃ
746 1530 915 1618 προμηθείᾳ

516 1651 534 1711 3
558 1641 705 1711 ἀδύνατον
726 1641 860 1712 κωλύειν.

444 1769 495 1832 ΙΙΙ
520 1770 536 1832 l
559 1767 673 1854 πέφυκε
694 1763 735 1854 γά
774 1767 808 1831 οὐ
829 1765 865 1831 τὸ
886 1779 1018 1856 κρεῖσσον
1039 1765 1096 1832 ὑπὸ
1115 1775 1170 1832 τοῦ
1192 1767 1316 1844 ἥσσονος
1339 1761 1522 1849 κωλύεσθαι,

517 1893 535 1952 2
559 1885 639 1950 ἀλλά
653 1883 690 1950 τὸ
705 1877 797 1958 ἧσσον
816 1883 871 1951 ὑπὸ
888 1893 942 1950 τοῦ
965 1890 1130 1976 κρείσσονος
1150 1884 1298 1976 ἄρχεσθαι
1312 1890 1362 1950 καὶ
1382 1882 1522 1973 ἄγεσθαι,

517 2012 536 2072 3
559 2003 666 2070 καὶτὸ
689 2007 741 2094 μὲν
763 2019 894 2094 κρεῖσσον
912 2003 1061 2093 ἡγεῖσθαι,
1083 2005 1120 2072 τὸ
1144 2002 1179 2072 δὲ
1198 1999 1289 2079 ἧσσον
1312 2009 1439 2072 ἕπεσθαι

265 2131 364 2194 etsie
386 2129 578 2211 saepissime.
621 2136 715 2209 atque
736 2133 825 2193 terna
847 2129 999 2192 vocabula
1020 2121 1190 2203 ἀσυνδέτως
1211 2130 1313 2210 posita
1339 2131 1371 2192 in
1404 2129 1527 2194 Helena

266 2251 393 2331 quidem
415 2269 480 2313 non
501 2249 712 2326 inveniuntur,
734 2249 767 2311 in
789 2248 958 2312 Palamede
979 2248 1029 2312 his
1055 2249 1145 2313 loeis:
1175 2252 1193 2311 3
1223 2244 1238 2310 ὁ
1263 2241 1367 2330 σῴζων
1398 2242 1527 2335 πατρίδα

266 2369 375 2443 τοκέας
396 2363 451 2439 τὴν
471 2359 732 2430 πᾶσανἙλλάδα.
773 2359 1341 2454 11συνίλθομενείπομενίηκοιίσαμεν.
1377 2373 1415 2434 19
1437 2368 1527 2456 πρού-

268 2480 367 2550 δίδουν
405 2481 535 2574 ἐμαυτὸν
571 2485 680 2560 τοκέας
720 2486 830 2572 φίλους.
899 2489 939 2550 23
977 2485 1098 2549 ἐλθέτω
1138 2478 1262 2572 φανήτω
1300 2481 1526 2576 μαρτυρησάτω.

268 2608 308 2670 25
331 2597 488 2681 ἀδυνάτοις
509 2598 689 2694 ἀσυμφόρως
718 2611 861 2692 αἰσχροῒςτ
891 2608 976 2672 unde
1006 2626 1046 2671 ne
1076 2609 1104 2671 ei
1130 2605 1184 2686 qui
1213 2605 1368 2672 Helenam
1392 2608 1527 2688 Gorgiae

269 2746 332 2792 non
355 2746 425 2792 esse
447 2727 587 2791 iudicant
607 2731 828 2808 argumentum
851 2745 913 2807 quo
936 2727 1123 2791 sententiam
1147 2745 1236 2790 suam
1261 2727 1445 2792 confirment
1467 2728 1528 2791 sibi

273 2848 435 2926 asciscant,
455 2847 633 2911 Aristotehs
649 2846 745 2912 verba
767 2865 862 2928 supra
884 2847 976 2912 allata
992 2851 1118 2912 secutus
1134 2847 1288 2911 Helenam
1311 2853 1527 2934 συγγραφικοῖς,

272 2969 473 3032 Palamedem
510 2966 715 3052 ἀγωνιστικῶς
749 2967 960 3047 conscriptum
992 2985 1071 3045 esse,
1099 2967 1172 3030 hino
1202 2967 1240 3031 ab
1270 2967 1324 3031 illa
1355 2967 1527 3048 asyndeton

273 3089 419 3166 adamum,
434 3089 507 3152 huic
521 3092 629 3168 aptum
650 3106 720 3152 esse
740 3105 933 3152 commoneo.
975 3088 1233 3169 Thucydidem
1255 3105 1349 3168 saepe
1363 3078 1527 3173 γσργιάζειι

275 3209 337 3272 iam
365 3213 487 3273 veteres
514 3209 728 3285 observarunt,
756 3226 795 3270 en
825 3207 942 3272 bellum
970 3187 1090 3290 figurae
1122 3208 1298 3289 exemplum
1329 3227 1348 3271 a
1377 3207 1528 3288 Dionysio

273 3329 426 3410 epistulae
441 3329 481 3394 ad
493 3329 681 3422 Aminaeum
694 3327 822 3392 alterius
835 3347 859 3392 c.
871 3331 907 3392 17
920 3328 979 3393 hoc
994 3333 1029 3393 ut
1041 3330 1270 3394 demonstraret
1282 3327 1410 3392 allatum
1424 3327 1452 3409 (I
1462 3329 1528 3411 70):

381 3449 397 3512 I
422 3451 438 3512 1
463 3448 564 3535 οἱμὲν
587 3443 636 3512 οὖν
709 3451 759 3511 καὶ
779 3444 858 3535 παρά
880 3440 1002 3534 δύναμιν
1022 3450 1173 3534 τολμηταὶ

419 3573 438 3632 2
709 3571 759 3630 καὶ
779 3563 859 3656 παρά
879 3561 1000 3654 γνώμην
1022 3563 1202 3631 κινδυνευταὶ

421 3693 439 3753 3
711 3691 760 3750 καὶ
782 3689 812 3750 ἐν
833 3699 895 3763 τοῖς
916 3683 1019 3763 δεινοῖς
1040 3681 1205 3762 εὐέλπιδες·

365 3810 399 3873 Π
423 3812 439 3874 1
463 3804 500 3872 τὸ
516 3802 687 3896 δ’ὑμέτερον
708 3813 762 3881 τῆς
783 3831 818 3870 τε
841 3799 993 3893 δυνάμεως
1015 3800 1102 3870 ἐνδεᾶ
1122 3799 1231 3894 πρᾶξαι

423 3933 441 3992 2
712 3933 767 4000 τῆς
788 3950 823 3990 τε
845 3919 965 4012 γνώμης
988 3919 1065 4012 μηδὲ
1086 3938 1148 4000 τοῖς
1170 3927 1297 4008 βεβαίοις
1317 3931 1474 3989 πιστεῦσαι

420 4050 439 4110 3
710 4053 772 4108 τῶν
795 4041 829 4110 δὲ
844 4040 929 4110 δεινιῖ
933 4071 947 4109 ν
966 4039 1118 4133 μηδέποτε
1135 4050 1252 4110 οἴεσθαι
1268 4036 1529 4114 ἀπολυθήσεσθαι.

273 4167 499 4230 Alcidamas
529 4166 613 4246 apud
639 4166 843 4230 Aristotelem
878 4171 934 4230 art.
964 4166 1042 4230 rhet.
1064 4166 1098 4230 II
1121 4167 1170 4229 23.
1193 4167 1366 4230 laesuro
1389 4183 1455 4246 sqq.
1483 4183 1531 4228 sa-

273 4287 395 4368 pientes
417 4287 456 4351 ah
480 4287 626 4351 omnihus
657 4285 716 4350 coli
744 4289 802 4349 ter
830 4287 946 4350 trinis
975 4285 1124 4366 exemphS
1154 4285 1355 4361 demonstrat,
1385 4283 1417 4347 id
1447 4283 1531 4364 quod

273 4426 336 4470 non
365 4406 446 4488 fugit
467 4408 644 4474 Vahlenum
674 4407 819 4488 egregiae
849 4407 888 4469 de
910 4405 1126 4470 Alcidamante
1154 4404 1382 4469 dissertationis
1410 4422 1440 4484 p.
1462 4405 1531 4482 511,

274 4528 328 4608 qui
349 4528 434 4592 idem
456 4526 525 4593 fieri
546 4528 666 4594 notavit
686 4529 719 4592 in
742 4526 883 4590 eiusdem
899 4525 938 4588 de
953 4524 1103 4605 sophistis
1117 4524 1224 4589 libello
1246 4525 1278 4608 (6
1294 4528 1361 4608 sp).
1403 4523 1531 4588 Plato-

274 4665 357 4710 nem
380 4647 591 4728 sophistarum
615 4665 709 4728 saepe
731 4647 876 4710 insistere
898 4663 954 4728 per
976 4645 1146 4710 ludibrium
1169 4645 1309 4726 vestigiis
1339 4663 1435 4726 supra
1455 4644 1532 4710 vidi·

277 4786 365 4848 mus3
386 4767 460 4833 hino
490 4768 522 4835 in
543 4767 686 4832 Phaedro
709 4767 783 4850 (233
793 4767 833 4852 E)
855 4766 964 4855 Lysias
986 4767 1031 4832 sic
1050 4765 1192 4835 elocutus
1214 4771 1274 4833 est:
