3410 5408
325 815 376 878 De
409 833 584 880 sermone
615 817 835 883 Minuciano
868 838 968 902 pauca
998 821 1152 900 delibabo,
1182 841 1262 904 quae
1292 824 1332 888 ad
1365 842 1465 905 genus

200 951 262 1014 quo
297 934 396 998 utitur
425 936 576 1001 orationis
608 937 861 1018 cognoscendum
892 944 924 1003 et
956 940 997 1004 ad
1026 944 1126 1005 artem
1156 943 1294 1007 criticam
1324 941 1465 1008 factitan-

200 1053 272 1117 dam
305 1055 449 1136 apposita
480 1057 558 1121 mihi
592 1076 663 1123 esse
696 1059 871 1124 videantur.
922 1059 1035 1126 Ahum
1067 1060 1165 1126 hrisse
1202 1063 1375 1128 Minucium
1406 1065 1465 1130 etsi

199 1193 263 1238 non
285 1176 435 1240 traditum
458 1181 514 1256 est,
537 1184 643 1242 tamen
662 1179 806 1260 plurimis
829 1182 1024 1262 argumentis
1045 1181 1089 1246 ita
1115 1181 1293 1248 confirmari
1311 1184 1412 1262 video,
1428 1190 1464 1250 ut

199 1296 265 1360 veri
288 1297 481 1363 simillimum
505 1317 576 1364 esse
599 1301 777 1366 concedam.
821 1306 915 1382 atque
937 1301 1068 1366 Minucii
1090 1303 1264 1368 orationem
1288 1303 1464 1385 insignibus

198 1419 274 1483 artis
301 1419 465 1485 lenociniis
493 1421 609 1502 pictam
641 1439 712 1486 esse
745 1423 799 1504 qui
829 1424 1025 1487 enuntiatum
1060 1423 1223 1505 quodlibet
1255 1425 1366 1489 leviter
1394 1443 1465 1507 per·

199 1539 359 1605 strinxerit
380 1541 478 1605 oculis
501 1542 670 1607 auribusve
693 1542 833 1606 hauserit
856 1581 893 1590 -
919 1561 975 1607 eae
997 1544 1081 1608 enim
1101 1545 1134 1608 in
1149 1545 1325 1610 iudicandis
1341 1546 1465 1610 dicendi

199 1659 337 1726 artificiis
358 1661 582 1744 locupletiores
604 1666 703 1727 testes
725 1667 757 1727 et
786 1682 805 1727 a
825 1663 986 1728 veteribus
1019 1669 1093 1728 sunt
1119 1664 1245 1729 habitae
1273 1670 1344 1730 eta
1371 1666 1464 1730 nobis

199 1783 425 1849 existimandae
448 1822 497 1862 -,
520 1783 626 1848 statim
649 1783 864 1865 persentiscet.
908 1768 1002 1865 quam
1025 1803 1109 1848 nunc
1134 1804 1215 1850 nava
1242 1785 1396 1867 quaedam
1419 1787 1463 1850 vi-

198 1919 306 1966 rorum
330 1903 443 1970 cohors
465 1906 600 1970 barbaro
621 1901 733 1968 foedae
748 1904 902 1968 vocabulo
925 1905 971 1967 rei
986 1905 1134 1986 imposito
1149 1898 1372 1970 ‘Africitatem’
1393 1924 1463 1970 esse

198 2025 395 2108 oggannit1):
424 2026 483 2090 hos
511 2027 538 2091 si
559 2027 602 2091 ita
632 2023 770 2089 refutare
793 2024 916 2104 vellem,
940 2030 976 2090 ut
997 2024 1125 2088 tandem
1148 2024 1318 2106 aliquando
1341 2023 1464 2090 confusi

198 2142 461 2226 obmutescerent,
476 2147 581 2228 longis
597 2147 836 2211 demonstrandi
851 2163 931 2227 opus
947 2149 1032 2209 esset
1045 2144 1240 2225 ambagibus
1258 2145 1363 2225 gravis
1379 2146 1462 2210 enim

198 2280 286 2327 error
306 2267 433 2346 penitus
449 2267 566 2332 insedit
577 2272 763 2348 mentesque
775 2266 940 2348 occupavit
961 2265 1035 2329 inde
1051 2284 1069 2328 a
1083 2264 1201 2328 renatis
1215 2264 1329 2328 litteris
1339 2264 1372 2349 ²),
1390 2283 1461 2328 cum

198 2383 274 2447 tersi
296 2385 342 2448 illi
361 2385 506 2452 homines
528 2391 560 2450 et
580 2405 616 2450 re
633 2403 709 2449 vera
730 2385 851 2462 urbani,
874 2385 989 2465 quibus
1010 2401 1086 2465 prae
1103 2382 1254 2448 Cicerone
1273 2387 1377 2448 cetera
1397 2402 1463 2448 sor·

200 2503 275 2568 dere
296 2505 461 2588 longeque,
483 2511 519 2570 ut
540 2507 584 2570 ait
605 2507 762 2585 Petrarca,
785 2507 913 2570 dissona
942 2523 1013 2570 esse
1034 2503 1225 2582 viderentur,
1249 2501 1344 2566 Afros
1373 2503 1464 2583 quasi

197 2630 282 2689 recte
303 2626 453 2707 loquendi
482 2626 646 2708 imperitos
675 2626 833 2707 protervis
861 2627 1009 2691 conviciis
1036 2626 1245 2702 incesserent,
1268 2622 1461 2703 Appuleium

198 2744 344 2810 videlicet
365 2753 401 2812 ut
421 2747 545 2812 asinum
568 2764 754 2828 germanum
779 2784 816 2793 -
838 2745 916 2810 haec
938 2747 1021 2810 enim
1044 2745 1090 2809 illi
1112 2745 1266 2810 sonabant
1281 2742 1462 2806 dicteria-

197 2865 313 2930 rudere
336 2869 570 2946 contenderent,
592 2885 632 2931 ne
654 2867 693 2930 ab
717 2866 897 2948 Augustino
920 2866 1046 2946 quidem
1074 2864 1243 2946 sacrilegas
1272 2882 1386 2927 manus
1409 2863 1463 2928 ab·

198 2985 360 3052 stinerent.
411 2989 484 3053 hinc
512 2988 718 3070 proseminati
748 2987 875 3068 quidam
909 2987 1090 3050 etiamnunc
1117 2987 1150 3049 in
1183 2985 1278 3067 plena
1307 2985 1462 3048 bonarum

197 3104 374 3172 litterarum
396 3109 466 3174 luce
483 3110 621 3192 Appulei
643 3107 814 3172 antitheses
837 3111 869 3170 et
894 3107 1012 3171 isocola
1038 3104 1156 3170 affabre
1178 3105 1261 3170 facta
1278 3125 1315 3170 ex
1330 3107 1462 3188 psalmis

201 3225 356 3306 explicant
377 3213 457 3294 irato
480 3231 700 3295 Hebraeorum
723 3229 782 3292 deo
803 3245 874 3291 cum
894 3227 1061 3292 Salomone
1088 3245 1154 3305 sue,
1181 3227 1254 3290 hinc
1279 3227 1462 3308 nuperrime

199 3347 294 3412 homo
324 3349 451 3430 quidam
480 3351 666 3432 peregrinus
692 3349 810 3430 grande
846 3348 886 3412 de
917 3346 1004 3412 Afris
1034 3347 1277 3412 conscribillavit
1305 3346 1462 3424 volumen,

199 3470 283 3550 quod
315 3488 387 3534 cum
412 3471 563 3553 legissem
591 3471 624 3534 in
651 3475 788 3536 mentem
819 3467 897 3532 mihi
916 3473 1070 3532 venerunt
1098 3466 1291 3532 facetissima
1312 3467 1463 3532 Varronis

200 3591 297 3656 verba
319 3591 477 3655 neminem
500 3596 664 3672 aegrotum
683 3591 850 3672 quicquam
867 3589 1024 3654 somniare
1038 3593 1103 3654 tam
1119 3588 1284 3654 infandum
1301 3587 1386 3669 quod
1400 3604 1463 3649 non

200 3711 313 3792 aliquis
342 3712 425 3777 dicat
454 3710 642 3792 philologus,
671 3712 730 3774 etsi
765 3709 988 3792 philosophum
1019 3710 1097 3774 dixit
1117 3710 1227 3778 Varro,
1277 3707 1353 3789 quid
1379 3706 1463 3770 enim

200 3830 354 3912 placidius
377 3832 417 3895 de
443 3849 481 3895 eo
509 3831 684 3912 praedicari
705 3834 818 3912 potest,
841 3831 894 3911 qui
917 3847 954 3893 eo
977 3847 1078 3912 usqne
1100 3830 1256 3911 processit
1278 3827 1464 3892 deliramen-

200 3955 314 4029 torum,
336 3956 372 4016 ut
393 3951 586 4033 Appuleium
609 3989 650 3998 —
672 3951 790 4016 bellum
813 3951 925 4032 opinor
948 3949 1120 4031 sophistam
1142 3954 1173 4013 et
1199 3941 1373 4032 myropolia
1395 3949 1462 4012 Iso-

201 4071 297 4136 cratia
318 4071 510 4154 fragrantem
533 4110 571 4118 -
603 4073 722 4137 Punica
746 4072 974 4136 balbutientem
1000 4069 1117 4135 iaceret
1147 4088 1227 4151 quae
1253 4068 1331 4133 Afra
1359 4069 1463 4132 nutrix

201 4192 230 4256 ei
251 4193 417 4274 praeiisset
438 4193 610 4258 vocabula?
653 4212 673 4258 a
694 4193 795 4258 solide
818 4197 1012 4273 conceptum,
1035 4190 1129 4272 plene
1151 4193 1352 4267 maturatum,
1369 4189 1463 4270 digne

319 4456 347 4515 ll
365 4455 428 4508 Non
446 4469 490 4508 eos
514 4469 585 4508 nunc
604 4453 663 4508 dico
683 4454 729 4522 qui
756 4452 864 4520 singula
881 4453 961 4506 verba
978 4452 1045 4506 Afra
1063 4467 1095 4504 er
1113 4449 1288 4520 scriptoribus
1306 4448 1412 4514 eligunt
1428 4478 1462 4489 —

200 4559 362 4612 quamquam
380 4560 414 4596 ne
432 4543 461 4596 hi
479 4541 585 4612 quidem
605 4544 678 4596 corta
696 4540 764 4593 mihi
781 4539 906 4592 videntur
927 4538 1008 4591 inniti
1027 4537 1131 4590 ratione
1150 4565 1192 4599 -,
1211 4533 1258 4588 sed
1275 4534 1321 4602 qui
1333 4532 1365 4586 de
1377 4533 1462 4587 totius

201 4630 329 4684 orationis
346 4630 433 4684 colore
452 4629 578 4684 Africano
598 4627 761 4682 fabulantur.

321 4717 352 4782 2)
370 4717 470 4771 Vetera
487 4715 519 4770 de
538 4715 603 4770 Afro
614 4715 727 4769 Minucii
740 4715 893 4768 charactere
906 4712 1005 4766 iudicia
1021 4711 1080 4765 ride
1096 4711 1166 4780 apud
1180 4709 1201 4764 1.
1217 4707 1462 4764 Weissenbachium

200 4803 232 4858 de
250 4803 403 4874 eloquentia
419 4805 528 4872 patmm
547 4803 589 4856 rol
616 4801 645 4855 11
665 4802 748 4870 (Aug.
768 4800 847 4856 Vind.
869 4801 949 4865 1775)
967 4816 993 4869 p.
1012 4799 1044 4854 31
1064 4815 1103 4868 sq.
