<?xml version="1.0" encoding="UTF-8"?>
<!DOCTYPE html PUBLIC "-//W3C//DTD XHTML 1.0 Transitional//EN"
    "http://www.w3.org/TR/xhtml1/DTD/xhtml1-transitional.dtd">
<html xmlns="http://www.w3.org/1999/xhtml" xml:lang="en" lang="en">
 <head>
  <title>
</title>
<meta http-equiv="Content-Type" content="text/html;charset=utf-8" />
  <meta name='ocr-system' content='tesseract 3.04.00' />
  <meta name='ocr-capabilities' content='ocr_page ocr_carea ocr_par ocr_line ocrx_word'/>
</head>
<body>
  <div class='ocr_page' id='page_1' title='image "./deminuciifelici00greigoog_0027.png"; bbox 0 0 3410 5408; ppageno 0'>
   <div class='ocr_carea' id='block_1_1' title="bbox 875 382 915 441">
    <p class='ocr_par' dir='ltr' id='par_1_1' title="bbox 875 382 915 441">
     <span class='ocr_line' id='line_1_1' title="bbox 875 382 915 441; baseline 0 0"><span class='ocrx_word' id='word_1_1' title='bbox 875 382 915 441; x_wconf 79' lang='lat'><strong>22</strong></span> 
     </span>
    </p>
   </div>
   <div class='ocr_carea' id='block_1_2' title="bbox 791 468 1000 476">
    <p class='ocr_par' dir='ltr' id='par_1_2' title="bbox 791 468 1000 476">
     <span class='ocr_line' id='line_1_2' title="bbox 791 468 1000 476; baseline -0.014 0"><span class='ocrx_word' id='word_1_2' title='bbox 791 468 1000 476; x_wconf 71' lang='lat'><em>-.-.-..—-.-.</em></span> 
     </span>
    </p>
   </div>
   <div class='ocr_carea' id='block_1_3' title="bbox 265 565 1531 2812">
    <p class='ocr_par' dir='ltr' id='par_1_3' title="bbox 265 565 1531 2812">
     <span class='ocr_line' id='line_1_3' title="bbox 266 565 1524 650; baseline -0.002 -19"><span class='ocrx_word' id='word_1_3' title='bbox 266 567 419 630; x_wconf 92' lang='lat' dir='ltr'><strong>sermonis</strong></span> <span class='ocrx_word' id='word_1_4' title='bbox 430 565 551 630; x_wconf 89' lang='lat' dir='ltr'><strong>facetiis</strong></span> <span class='ocrx_word' id='word_1_5' title='bbox 567 568 729 633; x_wconf 83' lang='lat' dir='ltr'>concinere</span> <span class='ocrx_word' id='word_1_6' title='bbox 741 569 839 634; x_wconf 91' lang='lat' dir='ltr'><strong>voluit</strong></span> <span class='ocrx_word' id='word_1_7' title='bbox 854 573 1110 650; x_wconf 90' lang='lat' dir='ltr'><strong>argumentorum</strong></span> <span class='ocrx_word' id='word_1_8' title='bbox 1126 567 1285 631; x_wconf 90' lang='lat' dir='ltr'><strong>levitatem</strong></span> <span class='ocrx_word' id='word_1_9' title='bbox 1299 605 1338 614; x_wconf 91' lang='lat'>-</span> <span class='ocrx_word' id='word_1_10' title='bbox 1349 585 1421 630; x_wconf 91' lang='lat' dir='ltr'><strong>nam</strong></span> <span class='ocrx_word' id='word_1_11' title='bbox 1438 585 1478 629; x_wconf 92' lang='lat' dir='ltr'><strong>ne</strong></span> <span class='ocrx_word' id='word_1_12' title='bbox 1492 565 1524 628; x_wconf 94' lang='lat' dir='ltr'><strong>in</strong></span> 
     </span>
     <span class='ocr_line' id='line_1_4' title="bbox 267 686 1525 770; baseline -0.003 -18"><span class='ocrx_word' id='word_1_13' title='bbox 267 707 381 752; x_wconf 88' lang='lat' dir='ltr'><strong>causae</strong></span> <span class='ocrx_word' id='word_1_14' title='bbox 410 687 536 769; x_wconf 90' lang='lat' dir='ltr'><strong>quidem</strong></span> <span class='ocrx_word' id='word_1_15' title='bbox 561 706 653 768; x_wconf 90' lang='lat' dir='ltr'><strong>quam</strong></span> <span class='ocrx_word' id='word_1_16' title='bbox 677 689 741 770; x_wconf 82' lang='lat' dir='ltr'><strong>egit</strong></span> <span class='ocrx_word' id='word_1_17' title='bbox 763 689 894 754; x_wconf 85' lang='lat' dir='ltr'><strong>ueritate</strong></span> <span class='ocrx_word' id='word_1_18' title='bbox 917 690 1006 770; x_wconf 87' lang='lat' dir='ltr'>quasi</span> <span class='ocrx_word' id='word_1_19' title='bbox 1027 687 1202 752; x_wconf 87' lang='lat' dir='ltr'><strong>funambuli</strong></span> <span class='ocrx_word' id='word_1_20' title='bbox 1225 692 1257 750; x_wconf 92' lang='lat' dir='ltr'><strong>et</strong></span> <span class='ocrx_word' id='word_1_21' title='bbox 1278 686 1469 769; x_wconf 77' lang='lat' dir='ltr'><strong>petauristas</strong></span> <span class='ocrx_word' id='word_1_22' title='bbox 1491 703 1525 748; x_wconf 90' lang='lat' dir='ltr'><strong>se</strong></span> 
     </span>
     <span class='ocr_line' id='line_1_5' title="bbox 265 805 1525 889; baseline -0.002 -18"><span class='ocrx_word' id='word_1_23' title='bbox 265 812 426 889; x_wconf 86' lang='lat' dir='ltr'><strong>praestare</strong></span> <span class='ocrx_word' id='word_1_24' title='bbox 448 807 531 871; x_wconf 91' lang='lat' dir='ltr'><strong>vices</strong></span> <span class='ocrx_word' id='word_1_25' title='bbox 553 825 683 887; x_wconf 86' lang='lat' dir='ltr'><strong>prorsus</strong></span> <span class='ocrx_word' id='word_1_26' title='bbox 711 809 905 873; x_wconf 83' lang='lat' dir='ltr'><strong>obliviscitur</strong></span> <span class='ocrx_word' id='word_1_27' title='bbox 928 848 976 887; x_wconf 89' lang='lat'><strong>-,</strong></span> <span class='ocrx_word' id='word_1_28' title='bbox 1003 808 1214 872; x_wconf 89' lang='lat' dir='ltr'><strong>Tertullianus</strong></span> <span class='ocrx_word' id='word_1_29' title='bbox 1241 826 1281 871; x_wconf 92' lang='lat' dir='ltr'><strong>ne</strong></span> <span class='ocrx_word' id='word_1_30' title='bbox 1309 807 1341 870; x_wconf 91' lang='lat' dir='ltr'><strong>in</strong></span> <span class='ocrx_word' id='word_1_31' title='bbox 1370 805 1525 886; x_wconf 86' lang='lat' dir='ltr'><strong>grauitate</strong></span> 
     </span>
     <span class='ocr_line' id='line_1_6' title="bbox 267 925 1525 1010; baseline -0.002 -19"><span class='ocrx_word' id='word_1_32' title='bbox 267 928 393 1008; x_wconf 93' lang='lat' dir='ltr'><strong>quidem</strong></span> <span class='ocrx_word' id='word_1_33' title='bbox 425 946 589 991; x_wconf 89' lang='lat' dir='ltr'><strong>causarum</strong></span> <span class='ocrx_word' id='word_1_34' title='bbox 619 933 651 992; x_wconf 90' lang='lat' dir='ltr'><strong>et</strong></span> <span class='ocrx_word' id='word_1_35' title='bbox 679 947 750 992; x_wconf 89' lang='lat' dir='ltr'><strong>cum</strong></span> <span class='ocrx_word' id='word_1_36' title='bbox 780 931 869 1010; x_wconf 86' lang='lat' dir='ltr'><strong>quasi</strong></span> <span class='ocrx_word' id='word_1_37' title='bbox 903 928 1009 992; x_wconf 90' lang='lat' dir='ltr'><strong>fremit</strong></span> <span class='ocrx_word' id='word_1_38' title='bbox 1037 927 1252 1008; x_wconf 78' lang='lat' dir='ltr'><strong>indignatione</strong></span> <span class='ocrx_word' id='word_1_39' title='bbox 1283 926 1393 990; x_wconf 90' lang='lat' dir='ltr'><strong>ludere</strong></span> <span class='ocrx_word' id='word_1_40' title='bbox 1420 925 1525 990; x_wconf 90' lang='lat' dir='ltr'><strong>verbis</strong></span> 
     </span>
     <span class='ocr_line' id='line_1_7' title="bbox 266 1045 1525 1130; baseline -0.002 -20"><span class='ocrx_word' id='word_1_41' title='bbox 266 1047 384 1111; x_wconf 94' lang='lat' dir='ltr'><strong>noluit:</strong></span> <span class='ocrx_word' id='word_1_42' title='bbox 408 1065 469 1127; x_wconf 91' lang='lat' dir='ltr'><strong>qua</strong></span> <span class='ocrx_word' id='word_1_43' title='bbox 489 1047 521 1111; x_wconf 93' lang='lat' dir='ltr'><strong>in</strong></span> <span class='ocrx_word' id='word_1_44' title='bbox 544 1066 578 1110; x_wconf 92' lang='lat' dir='ltr'><strong>re</strong></span> <span class='ocrx_word' id='word_1_45' title='bbox 601 1053 778 1129; x_wconf 90' lang='lat' dir='ltr'><strong>utrumque,</strong></span> <span class='ocrx_word' id='word_1_46' title='bbox 802 1069 914 1130; x_wconf 90' lang='lat' dir='ltr'><strong>graeca</strong></span> <span class='ocrx_word' id='word_1_47' title='bbox 936 1049 1095 1130; x_wconf 90' lang='lat' dir='ltr'><strong>latinaque</strong></span> <span class='ocrx_word' id='word_1_48' title='bbox 1116 1047 1262 1113; x_wconf 82' lang='lat' dir='ltr'><strong>facundia</strong></span> <span class='ocrx_word' id='word_1_49' title='bbox 1287 1047 1405 1129; x_wconf 90' lang='lat' dir='ltr'><strong>pariter</strong></span> <span class='ocrx_word' id='word_1_50' title='bbox 1429 1045 1525 1109; x_wconf 90' lang='lat' dir='ltr'><strong>diser-</strong></span> 
     </span>
     <span class='ocr_line' id='line_1_8' title="bbox 267 1166 1527 1252; baseline -0.002 -22"><span class='ocrx_word' id='word_1_51' title='bbox 267 1173 344 1244; x_wconf 89' lang='lat' dir='ltr'><strong>tum,</strong></span> <span class='ocrx_word' id='word_1_52' title='bbox 367 1184 496 1247; x_wconf 88' lang='lat' dir='ltr'><strong>graecos</strong></span> <span class='ocrx_word' id='word_1_53' title='bbox 512 1167 579 1231; x_wconf 89' lang='lat' dir='ltr'><strong>eius</strong></span> <span class='ocrx_word' id='word_1_54' title='bbox 601 1169 670 1232; x_wconf 90' lang='lat' dir='ltr'><strong>aevi</strong></span> <span class='ocrx_word' id='word_1_55' title='bbox 693 1169 850 1250; x_wconf 84' lang='lat' dir='ltr'><strong>sophistas</strong></span> <span class='ocrx_word' id='word_1_56' title='bbox 873 1189 972 1252; x_wconf 91' lang='lat' dir='ltr'><strong>aeque</strong></span> <span class='ocrx_word' id='word_1_57' title='bbox 987 1170 1171 1251; x_wconf 88' lang='lat' dir='ltr'><strong>nugatorios</strong></span> <span class='ocrx_word' id='word_1_58' title='bbox 1186 1168 1309 1246; x_wconf 90' lang='lat' dir='ltr'><strong>imitari,</strong></span> <span class='ocrx_word' id='word_1_59' title='bbox 1325 1185 1388 1231; x_wconf 92' lang='lat' dir='ltr'><strong>non</strong></span> <span class='ocrx_word' id='word_1_60' title='bbox 1403 1166 1527 1247; x_wconf 83' lang='lat' dir='ltr'><strong>ignorat</strong></span> 
     </span>
     <span class='ocr_line' id='line_1_9' title="bbox 269 1285 1527 1371; baseline -0.002 -21"><span class='ocrx_word' id='word_1_61' title='bbox 269 1287 329 1350; x_wconf 92' lang='lat' dir='ltr'><strong>nisi</strong></span> <span class='ocrx_word' id='word_1_62' title='bbox 353 1287 406 1366; x_wconf 92' lang='lat' dir='ltr'><strong>qui</strong></span> <span class='ocrx_word' id='word_1_63' title='bbox 428 1285 525 1350; x_wconf 90' lang='lat' dir='ltr'><strong>latina</strong></span> <span class='ocrx_word' id='word_1_64' title='bbox 547 1289 681 1368; x_wconf 84' lang='lat' dir='ltr'><strong>turpiter</strong></span> <span class='ocrx_word' id='word_1_65' title='bbox 704 1288 823 1352; x_wconf 83' lang='lat' dir='ltr'><strong>divellit</strong></span> <span class='ocrx_word' id='word_1_66' title='bbox 844 1309 862 1353; x_wconf 92' lang='lat' dir='ltr'><strong>a</strong></span> <span class='ocrx_word' id='word_1_67' title='bbox 885 1291 1013 1371; x_wconf 88' lang='lat' dir='ltr'><strong>graecis.</strong></span> <span class='ocrx_word' id='word_1_68' title='bbox 1049 1291 1105 1354; x_wconf 93' lang='lat' dir='ltr'><strong>sed</strong></span> <span class='ocrx_word' id='word_1_69' title='bbox 1119 1309 1155 1353; x_wconf 85' lang='lat' dir='ltr'><strong>ex</strong></span> <span class='ocrx_word' id='word_1_70' title='bbox 1170 1287 1326 1370; x_wconf 88' lang='lat' dir='ltr'><strong>Appuleio</strong></span> <span class='ocrx_word' id='word_1_71' title='bbox 1342 1306 1413 1351; x_wconf 92' lang='lat' dir='ltr'><strong>cum</strong></span> <span class='ocrx_word' id='word_1_72' title='bbox 1427 1285 1527 1349; x_wconf 91' lang='lat' dir='ltr'><strong>multa</strong></span> 
     </span>
     <span class='ocr_line' id='line_1_10' title="bbox 275 1404 1527 1490; baseline -0.002 -20"><span class='ocrx_word' id='word_1_73' title='bbox 275 1407 430 1471; x_wconf 91' lang='lat' dir='ltr'><strong>eiusmodi</strong></span> <span class='ocrx_word' id='word_1_74' title='bbox 452 1404 556 1470; x_wconf 89' lang='lat' dir='ltr'><strong>afferri</strong></span> <span class='ocrx_word' id='word_1_75' title='bbox 578 1406 709 1486; x_wconf 84' lang='lat' dir='ltr'><strong>possint,</strong></span> <span class='ocrx_word' id='word_1_76' title='bbox 732 1408 845 1490; x_wconf 84' lang='lat' dir='ltr'><strong>eligam</strong></span> <span class='ocrx_word' id='word_1_77' title='bbox 869 1429 977 1490; x_wconf 84' lang='lat' dir='ltr'><strong>pauca.</strong></span> <span class='ocrx_word' id='word_1_78' title='bbox 1020 1409 1214 1473; x_wconf 86' lang='lat' dir='ltr'><strong>moratione</strong></span> <span class='ocrx_word' id='word_1_79' title='bbox 1237 1427 1298 1489; x_wconf 90' lang='lat' dir='ltr'><strong>qua</strong></span> <span class='ocrx_word' id='word_1_80' title='bbox 1313 1404 1454 1470; x_wconf 88' lang='lat' dir='ltr'><strong>veneficii</strong></span> <span class='ocrx_word' id='word_1_81' title='bbox 1470 1405 1527 1468; x_wconf 90' lang='lat' dir='ltr'><strong>cri-</strong></span> 
     </span>
     <span class='ocr_line' id='line_1_11' title="bbox 268 1525 1528 1604; baseline -0.003 -14"><span class='ocrx_word' id='word_1_82' title='bbox 268 1545 341 1590; x_wconf 85' lang='lat' dir='ltr'><strong>meu</strong></span> <span class='ocrx_word' id='word_1_83' title='bbox 375 1525 474 1604; x_wconf 82' lang='lat' dir='ltr'><strong>diluit,</strong></span> <span class='ocrx_word' id='word_1_84' title='bbox 503 1527 547 1589; x_wconf 85' lang='lat' dir='ltr'><strong>ita</strong></span> <span class='ocrx_word' id='word_1_85' title='bbox 577 1527 685 1590; x_wconf 82' lang='lat' dir='ltr'><strong>scribit</strong></span> <span class='ocrx_word' id='word_1_86' title='bbox 714 1549 739 1592; x_wconf 92' lang='lat' dir='ltr'><strong>c.</strong></span> <span class='ocrx_word' id='word_1_87' title='bbox 762 1533 794 1592; x_wconf 83' lang='lat'><strong>2:</strong></span> <span class='ocrx_word' id='word_1_88' title='bbox 824 1553 860 1592; x_wconf 83' lang='lat' dir='ltr'><strong>ae</strong></span> <span class='ocrx_word' id='word_1_89' title='bbox 892 1530 1009 1592; x_wconf 81' lang='lat' dir='ltr'><strong>oruaiao</strong></span> <span class='ocrx_word' id='word_1_90' title='bbox 1043 1528 1178 1592; x_wconf 83' lang='lat' dir='ltr'><strong>desistere</strong></span> <span class='ocrx_word' id='word_1_91' title='bbox 1207 1530 1354 1591; x_wconf 67' lang='lat' dir='ltr'><strong>vitiaretur</strong></span> <span class='ocrx_word' id='word_1_92' title='bbox 1378 1527 1528 1589; x_wconf 75' lang='lat' dir='ltr'><strong>calcinaria</strong></span> 
     </span>
     <span class='ocr_line' id='line_1_12' title="bbox 268 1648 1528 1734; baseline 0 -24"><span class='ocrx_word' id='word_1_93' title='bbox 268 1648 395 1730; x_wconf 72' lang='lat' dir='ltr'><strong>mapiaa</strong></span> <span class='ocrx_word' id='word_1_94' title='bbox 418 1669 509 1731; x_wconf 71' lang='lat' dir='ltr'><strong>quiae</strong></span> <span class='ocrx_word' id='word_1_95' title='bbox 523 1648 649 1730; x_wconf 81' lang='lat' dir='ltr'><strong>facilius</strong></span> <span class='ocrx_word' id='word_1_96' title='bbox 671 1649 840 1734; x_wconf 68' lang='lat' dir='ltr'><strong>irq‘araatar</strong></span> <span class='ocrx_word' id='word_1_97' title='bbox 862 1672 952 1734; x_wconf 81' lang='lat' dir='ltr'><strong>qrtarn</strong></span> <span class='ocrx_word' id='word_1_98' title='bbox 970 1649 1131 1732; x_wconf 78' lang='lat' dir='ltr'><strong>probatur,</strong></span> <span class='ocrx_word' id='word_1_99' title='bbox 1153 1649 1208 1712; x_wconf 91' lang='lat' dir='ltr'><strong>ubi</strong></span> <span class='ocrx_word' id='word_1_100' title='bbox 1237 1673 1296 1732; x_wconf 84' lang='lat' dir='ltr'><strong>qua</strong></span> <span class='ocrx_word' id='word_1_101' title='bbox 1319 1649 1528 1712; x_wconf 78' lang='lat' dir='ltr'><strong>Burmannus</strong></span> 
     </span>
     <span class='ocr_line' id='line_1_13' title="bbox 270 1767 1531 1851; baseline -0.002 -19"><span class='ocrx_word' id='word_1_102' title='bbox 270 1785 345 1832; x_wconf 88' lang='lat' dir='ltr'><strong>sane</strong></span> <span class='ocrx_word' id='word_1_103' title='bbox 381 1785 475 1831; x_wconf 93' lang='lat' dir='ltr'><strong>nemo</strong></span> <span class='ocrx_word' id='word_1_104' title='bbox 514 1772 638 1848; x_wconf 87' lang='lat' dir='ltr'><strong>praeter</strong></span> <span class='ocrx_word' id='word_1_105' title='bbox 675 1769 867 1851; x_wconf 87' lang='lat' dir='ltr'><strong>Appuleium</strong></span> <span class='ocrx_word' id='word_1_106' title='bbox 904 1770 948 1833; x_wconf 91' lang='lat' dir='ltr'><strong>sic</strong></span> <span class='ocrx_word' id='word_1_107' title='bbox 985 1769 1108 1832; x_wconf 90' lang='lat' dir='ltr'><strong>locutus</strong></span> <span class='ocrx_word' id='word_1_108' title='bbox 1143 1773 1203 1844; x_wconf 90' lang='lat' dir='ltr'><strong>est,</strong></span> <span class='ocrx_word' id='word_1_109' title='bbox 1239 1769 1294 1832; x_wconf 89' lang='lat' dir='ltr'><strong>sed</strong></span> <span class='ocrx_word' id='word_1_110' title='bbox 1334 1773 1441 1832; x_wconf 87' lang='lat' dir='ltr'><strong>contra</strong></span> <span class='ocrx_word' id='word_1_111' title='bbox 1473 1767 1531 1830; x_wconf 94' lang='lat' dir='ltr'><strong>lin-</strong></span> 
     </span>
     <span class='ocr_line' id='line_1_14' title="bbox 270 1887 1528 1970; baseline 0 -20"><span class='ocrx_word' id='word_1_112' title='bbox 270 1907 363 1969; x_wconf 86' lang='lat' dir='ltr'><strong>guam</strong></span> <span class='ocrx_word' id='word_1_113' title='bbox 395 1905 525 1969; x_wconf 89' lang='lat' dir='ltr'><strong>peccare</strong></span> <span class='ocrx_word' id='word_1_114' title='bbox 554 1908 647 1970; x_wconf 88' lang='lat' dir='ltr'><strong>quam</strong></span> <span class='ocrx_word' id='word_1_115' title='bbox 682 1891 806 1954; x_wconf 92' lang='lat' dir='ltr'><strong>doctam</strong></span> <span class='ocrx_word' id='word_1_116' title='bbox 837 1889 982 1953; x_wconf 89' lang='lat' dir='ltr'><strong>omittere</strong></span> <span class='ocrx_word' id='word_1_117' title='bbox 1009 1887 1141 1969; x_wconf 87' lang='lat' dir='ltr'><strong>figuram</strong></span> <span class='ocrx_word' id='word_1_118' title='bbox 1165 1887 1284 1951; x_wconf 90' lang='lat' dir='ltr'><strong>maluit.</strong></span> <span class='ocrx_word' id='word_1_119' title='bbox 1312 1927 1351 1933; x_wconf 97' lang='lat'><strong>—</strong></span> <span class='ocrx_word' id='word_1_120' title='bbox 1381 1888 1464 1951; x_wconf 89' lang='lat' dir='ltr'><strong>idem</strong></span> <span class='ocrx_word' id='word_1_121' title='bbox 1496 1888 1528 1950; x_wconf 92' lang='lat' dir='ltr'><strong>in</strong></span> 
     </span>
     <span class='ocr_line' id='line_1_15' title="bbox 271 2006 1528 2092; baseline -0.002 -20"><span class='ocrx_word' id='word_1_122' title='bbox 271 2008 549 2073; x_wconf 81' lang='lat' dir='ltr'><strong>declamationibus</strong></span> <span class='ocrx_word' id='word_1_123' title='bbox 572 2010 633 2074; x_wconf 92' lang='lat' dir='ltr'><strong>illis</strong></span> <span class='ocrx_word' id='word_1_124' title='bbox 656 2011 867 2092; x_wconf 89' lang='lat' dir='ltr'><strong>sophistarum</strong></span> <span class='ocrx_word' id='word_1_125' title='bbox 890 2028 978 2073; x_wconf 92' lang='lat' dir='ltr'><strong>more</strong></span> <span class='ocrx_word' id='word_1_126' title='bbox 992 2009 1116 2090; x_wconf 91' lang='lat' dir='ltr'><strong>publice</strong></span> <span class='ocrx_word' id='word_1_127' title='bbox 1136 2009 1259 2086; x_wconf 85' lang='lat' dir='ltr'><strong>habitis,</strong></span> <span class='ocrx_word' id='word_1_128' title='bbox 1282 2009 1336 2072; x_wconf 93' lang='lat' dir='ltr'><strong>ubi</strong></span> <span class='ocrx_word' id='word_1_129' title='bbox 1352 2007 1443 2072; x_wconf 90' lang='lat' dir='ltr'><strong>solito</strong></span> <span class='ocrx_word' id='word_1_130' title='bbox 1457 2006 1528 2087; x_wconf 91' lang='lat' dir='ltr'><strong>plus</strong></span> 
     </span>
     <span class='ocr_line' id='line_1_16' title="bbox 269 2127 1529 2215; baseline -0.002 -25"><span class='ocrx_word' id='word_1_131' title='bbox 269 2129 393 2206; x_wconf 78' lang='lat' dir='ltr'><strong>insanit,</strong></span> <span class='ocrx_word' id='word_1_132' title='bbox 420 2127 498 2193; x_wconf 79' lang='lat' dir='ltr'><strong>haec</strong></span> <span class='ocrx_word' id='word_1_133' title='bbox 524 2131 630 2210; x_wconf 87' lang='lat' dir='ltr'><strong>posuit</strong></span> <span class='ocrx_word' id='word_1_134' title='bbox 656 2131 741 2215; x_wconf 67' lang='lat' dir='ltr'><strong>(por.</strong></span> <span class='ocrx_word' id='word_1_135' title='bbox 766 2133 815 2214; x_wconf 87' lang='lat'><strong>3):</strong></span> <span class='ocrx_word' id='word_1_136' title='bbox 846 2129 920 2213; x_wconf 83' lang='lat' dir='ltr'><strong>qaid</strong></span> <span class='ocrx_word' id='word_1_137' title='bbox 946 2129 1026 2212; x_wconf 85' lang='lat' dir='ltr'><strong>qaod</strong></span> <span class='ocrx_word' id='word_1_138' title='bbox 1053 2139 1079 2191; x_wconf 86' lang='lat' dir='ltr'><strong>et</strong></span> <span class='ocrx_word' id='word_1_139' title='bbox 1107 2130 1190 2191; x_wconf 80' lang='lat' dir='ltr'><strong>vestis</strong></span> <span class='ocrx_word' id='word_1_140' title='bbox 1214 2140 1293 2192; x_wconf 79' lang='lat' dir='ltr'><strong>tactu</strong></span> <span class='ocrx_word' id='word_1_141' title='bbox 1321 2131 1421 2206; x_wconf 81' lang='lat' dir='ltr'><strong>tenuis,</strong></span> <span class='ocrx_word' id='word_1_142' title='bbox 1450 2139 1529 2190; x_wconf 83' lang='lat' dir='ltr'><strong>tacta</strong></span> 
     </span>
     <span class='ocr_line' id='line_1_17' title="bbox 269 2248 1529 2334; baseline 0 -24"><span class='ocrx_word' id='word_1_143' title='bbox 269 2248 377 2324; x_wconf 80' lang='lat' dir='ltr'><strong>meilis,</strong></span> <span class='ocrx_word' id='word_1_144' title='bbox 394 2271 540 2330; x_wconf 78' lang='lat' dir='ltr'><strong>purpura</strong></span> <span class='ocrx_word' id='word_1_145' title='bbox 558 2251 704 2313; x_wconf 77' lang='lat' dir='ltr'><strong>radicas?</strong></span> <span class='ocrx_word' id='word_1_146' title='bbox 736 2251 912 2334; x_wconf 80' lang='lat' dir='ltr'><strong>quidquod</strong></span> <span class='ocrx_word' id='word_1_147' title='bbox 940 2260 965 2311; x_wconf 87' lang='lat' dir='ltr'><strong>et</strong></span> <span class='ocrx_word' id='word_1_148' title='bbox 992 2248 1058 2332; x_wconf 78' lang='lat' dir='ltr'><strong>ipra</strong></span> <span class='ocrx_word' id='word_1_149' title='bbox 1085 2249 1146 2311; x_wconf 71' lang='lat' dir='ltr'><strong>aas</strong></span> <span class='ocrx_word' id='word_1_150' title='bbox 1174 2271 1249 2311; x_wconf 86' lang='lat' dir='ltr'><strong>auro</strong></span> <span class='ocrx_word' id='word_1_151' title='bbox 1265 2249 1417 2333; x_wconf 74' lang='lat' dir='ltr'><strong>sulpurei,</strong></span> <span class='ocrx_word' id='word_1_152' title='bbox 1446 2250 1529 2312; x_wconf 77' lang='lat' dir='ltr'><strong>ebora</strong></span> 
     </span>
     <span class='ocr_line' id='line_1_18' title="bbox 270 2368 1528 2452; baseline 0.003 -24"><span class='ocrx_word' id='word_1_153' title='bbox 270 2368 416 2440; x_wconf 82' lang='lat' dir='ltr'><strong>condicat,</strong></span> <span class='ocrx_word' id='word_1_154' title='bbox 437 2370 560 2450; x_wconf 71' lang='lat' dir='ltr'><strong>pelamis</strong></span> <span class='ocrx_word' id='word_1_155' title='bbox 579 2370 765 2452; x_wconf 71' lang='lat' dir='ltr'><strong>variaque?</strong></span> <span class='ocrx_word' id='word_1_156' title='bbox 802 2388 860 2451; x_wconf 85' lang='lat' dir='ltr'><strong>pro</strong></span> <span class='ocrx_word' id='word_1_157' title='bbox 883 2387 945 2449; x_wconf 88' lang='lat' dir='ltr'><strong>quo</strong></span> <span class='ocrx_word' id='word_1_158' title='bbox 968 2369 1144 2450; x_wconf 38' lang='lat' dir='ltr'><strong>*varicpatar</strong></span> <span class='ocrx_word' id='word_1_159' title='bbox 1166 2369 1319 2434; x_wconf 84' lang='lat' dir='ltr'><strong>Heinsius</strong></span> <span class='ocrx_word' id='word_1_160' title='bbox 1347 2371 1378 2432; x_wconf 91' lang='lat' dir='ltr'><strong>et</strong></span> <span class='ocrx_word' id='word_1_161' title='bbox 1402 2369 1528 2433; x_wconf 89' lang='lat' dir='ltr'><strong>Ouden-</strong></span> 
     </span>
     <span class='ocr_line' id='line_1_19' title="bbox 272 2486 1529 2570; baseline 0.002 -21"><span class='ocrx_word' id='word_1_162' title='bbox 272 2486 410 2568; x_wconf 78' lang='lat' dir='ltr'><strong>dorpius</strong></span> <span class='ocrx_word' id='word_1_163' title='bbox 442 2488 515 2568; x_wconf 91' lang='lat' dir='ltr'><strong>quia</strong></span> <span class='ocrx_word' id='word_1_164' title='bbox 544 2489 724 2570; x_wconf 88' lang='lat' dir='ltr'><strong>variegandi</strong></span> <span class='ocrx_word' id='word_1_165' title='bbox 753 2489 884 2554; x_wconf 90' lang='lat' dir='ltr'><strong>verbum</strong></span> <span class='ocrx_word' id='word_1_166' title='bbox 914 2506 1008 2552; x_wconf 93' lang='lat' dir='ltr'><strong>nemo</strong></span> <span class='ocrx_word' id='word_1_167' title='bbox 1038 2488 1235 2553; x_wconf 89' lang='lat' dir='ltr'><strong>intransitive</strong></span> <span class='ocrx_word' id='word_1_168' title='bbox 1264 2488 1442 2569; x_wconf 83' lang='lat' dir='ltr'><strong>usurpavit3</strong></span> <span class='ocrx_word' id='word_1_169' title='bbox 1473 2489 1529 2552; x_wconf 91' lang='lat' dir='ltr'><strong>sed</strong></span> 
     </span>
     <span class='ocr_line' id='line_1_20' title="bbox 271 2607 1530 2695; baseline -0.002 -25"><span class='ocrx_word' id='word_1_170' title='bbox 271 2607 332 2670; x_wconf 85' lang='lat' dir='ltr'><strong>iam</strong></span> <span class='ocrx_word' id='word_1_171' title='bbox 354 2607 618 2672; x_wconf 85' lang='lat' dir='ltr'><strong>Hildebrandium</strong></span> <span class='ocrx_word' id='word_1_172' title='bbox 641 2613 725 2674; x_wconf 86' lang='lat' dir='ltr'><strong>reete</strong></span> <span class='ocrx_word' id='word_1_173' title='bbox 747 2610 897 2673; x_wconf 85' lang='lat' dir='ltr'><strong>adnotare</strong></span> <span class='ocrx_word' id='word_1_174' title='bbox 923 2609 1058 2688; x_wconf 86' lang='lat' dir='ltr'><strong>invenie,</strong></span> <span class='ocrx_word' id='word_1_175' title='bbox 1078 2609 1219 2695; x_wconf 81' lang='lat' dir='ltr'><strong>falqarat</strong></span> <span class='ocrx_word' id='word_1_176' title='bbox 1241 2609 1376 2670; x_wconf 80' lang='lat' dir='ltr'><strong>candicat</strong></span> <span class='ocrx_word' id='word_1_177' title='bbox 1398 2609 1530 2690; x_wconf 80' lang='lat' dir='ltr'><strong>caricpat</strong></span> 
     </span>
     <span class='ocr_line' id='line_1_21' title="bbox 273 2727 1529 2812; baseline 0 -22"><span class='ocrx_word' id='word_1_178' title='bbox 273 2727 369 2791; x_wconf 89' lang='lat' dir='ltr'><strong>verba</strong></span> <span class='ocrx_word' id='word_1_179' title='bbox 391 2733 520 2809; x_wconf 91' lang='lat' dir='ltr'><strong>propter</strong></span> <span class='ocrx_word' id='word_1_180' title='bbox 542 2730 611 2794; x_wconf 91' lang='lat' dir='ltr'><strong>soni</strong></span> <span class='ocrx_word' id='word_1_181' title='bbox 634 2729 870 2795; x_wconf 90' lang='lat' dir='ltr'><strong>similitudinem</strong></span> <span class='ocrx_word' id='word_1_182' title='bbox 893 2730 932 2795; x_wconf 94' lang='lat' dir='ltr'><strong>ab</strong></span> <span class='ocrx_word' id='word_1_183' title='bbox 948 2730 1105 2812; x_wconf 84' lang='lat' dir='ltr'><strong>Appuleio</strong></span> <span class='ocrx_word' id='word_1_184' title='bbox 1121 2729 1264 2793; x_wconf 90' lang='lat' dir='ltr'><strong>consulto</strong></span> <span class='ocrx_word' id='word_1_185' title='bbox 1280 2747 1350 2793; x_wconf 91' lang='lat' dir='ltr'><strong>esse</strong></span> <span class='ocrx_word' id='word_1_186' title='bbox 1371 2727 1477 2791; x_wconf 88' lang='lat' dir='ltr'><strong>electa.</strong></span> <span class='ocrx_word' id='word_1_187' title='bbox 1490 2763 1529 2772; x_wconf 94' lang='lat'><em>-</em></span> 
     </span>
    </p>
   </div>
   <div class='ocr_carea' id='block_1_4' title="bbox 270 2846 1530 2934">
    <p class='ocr_par' dir='ltr' id='par_1_4' title="bbox 270 2846 1530 2934">
     <span class='ocr_line' id='line_1_22' title="bbox 270 2846 1530 2934; baseline -0.002 -24"><span class='ocrx_word' id='word_1_188' title='bbox 270 2846 387 2910; x_wconf 84' lang='lat' dir='ltr'><strong>ibidem</strong></span> <span class='ocrx_word' id='word_1_189' title='bbox 411 2849 470 2932; x_wconf 86' lang='lat'>(6):</span> <span class='ocrx_word' id='word_1_190' title='bbox 497 2851 644 2914; x_wconf 83' lang='lat' dir='ltr'><strong>Indorum</strong></span> <span class='ocrx_word' id='word_1_191' title='bbox 665 2875 724 2915; x_wconf 75' lang='lat' dir='ltr'><strong>raon</strong></span> <span class='ocrx_word' id='word_1_192' title='bbox 752 2873 842 2934; x_wconf 83' lang='lat' dir='ltr'><strong>aeque</strong></span> <span class='ocrx_word' id='word_1_193' title='bbox 869 2852 965 2914; x_wconf 83' lang='lat' dir='ltr'><strong>miror</strong></span> <span class='ocrx_word' id='word_1_194' title='bbox 992 2852 1086 2914; x_wconf 71' lang='lat' dir='ltr'><strong>eboris</strong></span> <span class='ocrx_word' id='word_1_195' title='bbox 1115 2861 1207 2912; x_wconf 79' lang='lat' dir='ltr'><strong>stram</strong></span> <span class='ocrx_word' id='word_1_196' title='bbox 1234 2860 1259 2912; x_wconf 82' lang='lat' dir='ltr'><strong>ci</strong></span> <span class='ocrx_word' id='word_1_197' title='bbox 1282 2849 1403 2931; x_wconf 80' lang='lat' dir='ltr'><strong>piperis</strong></span> <span class='ocrx_word' id='word_1_198' title='bbox 1430 2857 1530 2910; x_wconf 75' lang='lat' dir='ltr'><strong>inesset</strong></span> 
     </span>
    </p>
   </div>
   <div class='ocr_carea' id='block_1_5' title="bbox 272 2968 1532 4860">
    <p class='ocr_par' dir='ltr' id='par_1_5' title="bbox 272 2968 1530 4117">
     <span class='ocr_line' id='line_1_23' title="bbox 272 2968 1528 3054; baseline 0 -24"><span class='ocrx_word' id='word_1_199' title='bbox 272 2979 297 3030; x_wconf 83' lang='lat' dir='ltr'><strong>et</strong></span> <span class='ocrx_word' id='word_1_200' title='bbox 324 2968 456 3030; x_wconf 71' lang='lat' dir='ltr'><strong>cirrncmz&#39;</strong></span> <span class='ocrx_word' id='word_1_201' title='bbox 483 2993 627 3054; x_wconf 78' lang='lat' dir='ltr'><strong>mercer,</strong></span> <span class='ocrx_word' id='word_1_202' title='bbox 655 2989 713 3052; x_wconf 91' lang='lat' dir='ltr'><strong>pro</strong></span> <span class='ocrx_word' id='word_1_203' title='bbox 743 2989 805 3052; x_wconf 90' lang='lat' dir='ltr'><strong>quo</strong></span> <span class='ocrx_word' id='word_1_204' title='bbox 829 2973 973 3035; x_wconf 77' lang='lat' dir='ltr'><strong>arerccdes</strong></span> <span class='ocrx_word' id='word_1_205' title='bbox 1002 2970 1082 3036; x_wconf 89' lang='lat' dir='ltr'><strong>falso</strong></span> <span class='ocrx_word' id='word_1_206' title='bbox 1113 2970 1306 3052; x_wconf 78' lang='lat' dir='ltr'><strong>Kruegerus</strong></span> <span class='ocrx_word' id='word_1_207' title='bbox 1337 2968 1528 3033; x_wconf 87' lang='lat' dir='ltr'><strong>novissimus</strong></span> 
     </span>
     <span class='ocr_line' id='line_1_24' title="bbox 272 3087 1529 3175; baseline -0.002 -24"><span class='ocrx_word' id='word_1_208' title='bbox 272 3087 456 3153; x_wconf 84' lang='lat' dir='ltr'><strong>floridorum</strong></span> <span class='ocrx_word' id='word_1_209' title='bbox 480 3091 591 3154; x_wconf 89' lang='lat' dir='ltr'><strong>editor.</strong></span> <span class='ocrx_word' id='word_1_210' title='bbox 608 3130 646 3138; x_wconf 83' lang='lat'><strong>--</strong></span> <span class='ocrx_word' id='word_1_211' title='bbox 669 3091 786 3156; x_wconf 90' lang='lat' dir='ltr'><strong>ibidem</strong></span> <span class='ocrx_word' id='word_1_212' title='bbox 808 3092 853 3174; x_wconf 84' lang='lat'><strong>(9)</strong></span> <span class='ocrx_word' id='word_1_213' title='bbox 876 3093 977 3154; x_wconf 82' lang='lat' dir='ltr'><strong>omnia</strong></span> <span class='ocrx_word' id='word_1_214' title='bbox 998 3115 1094 3155; x_wconf 79' lang='lat' dir='ltr'><strong>sacrun</strong></span> <span class='ocrx_word' id='word_1_215' title='bbox 1114 3113 1189 3175; x_wconf 83' lang='lat' dir='ltr'><strong>qaae</strong></span> <span class='ocrx_word' id='word_1_216' title='bbox 1203 3090 1327 3153; x_wconf 82' lang='lat' dir='ltr'><strong>babebat</strong></span> <span class='ocrx_word' id='word_1_217' title='bbox 1341 3089 1414 3152; x_wconf 82' lang='lat' dir='ltr'><strong>nibil</strong></span> <span class='ocrx_word' id='word_1_218' title='bbox 1428 3111 1529 3152; x_wconf 80' lang='lat' dir='ltr'><strong>corum</strong></span> 
     </span>
     <span class='ocr_line' id='line_1_25' title="bbox 273 3209 1529 3295; baseline -0.001 -25"><span class='ocrx_word' id='word_1_219' title='bbox 273 3219 383 3271; x_wconf 80' lang='lat' dir='ltr'><strong>errarat</strong></span> <span class='ocrx_word' id='word_1_220' title='bbox 405 3209 574 3294; x_wconf 84' lang='lat' dir='ltr'><strong>(Hippias),</strong></span> <span class='ocrx_word' id='word_1_221' title='bbox 595 3212 647 3274; x_wconf 80' lang='lat' dir='ltr'><strong>aad</strong></span> <span class='ocrx_word' id='word_1_222' title='bbox 668 3213 728 3274; x_wconf 82' lang='lat' dir='ltr'><strong>saia</strong></span> <span class='ocrx_word' id='word_1_223' title='bbox 749 3213 805 3274; x_wconf 81' lang='lat' dir='ltr'><strong>cibi</strong></span> <span class='ocrx_word' id='word_1_224' title='bbox 826 3212 961 3274; x_wconf 73' lang='lat' dir='ltr'><strong>manitius</strong></span> <span class='ocrx_word' id='word_1_225' title='bbox 983 3213 1157 3295; x_wconf 75' lang='lat' dir='ltr'><strong>confecerat,</strong></span> <span class='ocrx_word' id='word_1_226' title='bbox 1180 3223 1206 3274; x_wconf 85' lang='lat' dir='ltr'><strong>ct</strong></span> <span class='ocrx_word' id='word_1_227' title='bbox 1227 3211 1400 3273; x_wconf 82' lang='lat' dir='ltr'><strong>inclamante</strong></span> <span class='ocrx_word' id='word_1_228' title='bbox 1426 3209 1529 3292; x_wconf 81' lang='lat' dir='ltr'><strong>quibus</strong></span> 
     </span>
     <span class='ocr_line' id='line_1_26' title="bbox 272 3329 1529 3415; baseline -0.002 -25"><span class='ocrx_word' id='word_1_229' title='bbox 272 3329 393 3390; x_wconf 70' lang='lat' dir='ltr'><strong>imitatus</strong></span> <span class='ocrx_word' id='word_1_230' title='bbox 424 3340 450 3392; x_wconf 84' lang='lat' dir='ltr'><strong>et</strong></span> <span class='ocrx_word' id='word_1_231' title='bbox 478 3330 675 3393; x_wconf 73' lang='lat' dir='ltr'><strong>calceamenta</strong></span> <span class='ocrx_word' id='word_1_232' title='bbox 704 3332 809 3415; x_wconf 84' lang='lat' dir='ltr'><strong>quibas</strong></span> <span class='ocrx_word' id='word_1_233' title='bbox 838 3343 901 3394; x_wconf 85' lang='lat' dir='ltr'><strong>crat</strong></span> <span class='ocrx_word' id='word_1_234' title='bbox 929 3333 1065 3394; x_wconf 42' lang='lat' dir='ltr'><strong>‘inductus</strong></span> <span class='ocrx_word' id='word_1_235' title='bbox 1094 3343 1119 3394; x_wconf 87' lang='lat' dir='ltr'><strong>et</strong></span> <span class='ocrx_word' id='word_1_236' title='bbox 1146 3332 1310 3415; x_wconf 72' lang='lat' dir='ltr'><strong>posterriora</strong></span> <span class='ocrx_word' id='word_1_237' title='bbox 1337 3329 1441 3412; x_wconf 83' lang='lat' dir='ltr'><strong>quibas</strong></span> <span class='ocrx_word' id='word_1_238' title='bbox 1466 3337 1529 3390; x_wconf 83' lang='lat' dir='ltr'><strong>arat</strong></span> 
     </span>
     <span class='ocr_line' id='line_1_27' title="bbox 272 3448 1528 3534; baseline 0 -24"><span class='ocrx_word' id='word_1_239' title='bbox 272 3451 514 3530; x_wconf 71' lang='lat' dir='ltr'><strong>correptorias,</strong></span> <span class='ocrx_word' id='word_1_240' title='bbox 557 3451 589 3514; x_wconf 92' lang='lat' dir='ltr'><strong>in</strong></span> <span class='ocrx_word' id='word_1_241' title='bbox 611 3450 661 3515; x_wconf 90' lang='lat' dir='ltr'><strong>his</strong></span> <span class='ocrx_word' id='word_1_242' title='bbox 683 3470 746 3532; x_wconf 91' lang='lat' dir='ltr'><strong>quo</strong></span> <span class='ocrx_word' id='word_1_243' title='bbox 769 3452 868 3516; x_wconf 91' lang='lat' dir='ltr'><strong>utitur</strong></span> <span class='ocrx_word' id='word_1_244' title='bbox 897 3452 1098 3534; x_wconf 88' lang='lat' dir='ltr'><strong>conspicandi</strong></span> <span class='ocrx_word' id='word_1_245' title='bbox 1120 3452 1225 3530; x_wconf 87' lang='lat' dir='ltr'><strong>verbe,</strong></span> <span class='ocrx_word' id='word_1_246' title='bbox 1249 3453 1317 3515; x_wconf 93' lang='lat' dir='ltr'><strong>eius</strong></span> <span class='ocrx_word' id='word_1_247' title='bbox 1339 3469 1403 3514; x_wconf 93' lang='lat' dir='ltr'><strong>non</strong></span> <span class='ocrx_word' id='word_1_248' title='bbox 1426 3448 1528 3513; x_wconf 89' lang='lat' dir='ltr'><strong>solum</strong></span> 
     </span>
     <span class='ocr_line' id='line_1_28' title="bbox 272 3568 1530 3653; baseline -0.002 -19"><span class='ocrx_word' id='word_1_249' title='bbox 272 3570 400 3651; x_wconf 89' lang='lat' dir='ltr'><strong>passiva</strong></span> <span class='ocrx_word' id='word_1_250' title='bbox 421 3568 523 3635; x_wconf 89' lang='lat' dir='ltr'><strong>forma</strong></span> <span class='ocrx_word' id='word_1_251' title='bbox 544 3571 704 3635; x_wconf 89' lang='lat' dir='ltr'><strong>rarissime</strong></span> <span class='ocrx_word' id='word_1_252' title='bbox 724 3573 860 3653; x_wconf 90' lang='lat' dir='ltr'><strong>ponitur,</strong></span> <span class='ocrx_word' id='word_1_253' title='bbox 884 3573 941 3637; x_wconf 92' lang='lat' dir='ltr'><strong>sed</strong></span> <span class='ocrx_word' id='word_1_254' title='bbox 963 3573 1017 3653; x_wconf 92' lang='lat' dir='ltr'><strong>qui</strong></span> <span class='ocrx_word' id='word_1_255' title='bbox 1031 3571 1229 3653; x_wconf 89' lang='lat' dir='ltr'><strong>participium</strong></span> <span class='ocrx_word' id='word_1_256' title='bbox 1252 3590 1289 3635; x_wconf 91' lang='lat' dir='ltr'><strong>ea</strong></span> <span class='ocrx_word' id='word_1_257' title='bbox 1304 3568 1530 3652; x_wconf 87' lang='lat' dir='ltr'><strong>significatione</strong></span> 
     </span>
     <span class='ocr_line' id='line_1_29' title="bbox 273 3689 1530 3774; baseline -0.002 -21"><span class='ocrx_word' id='word_1_258' title='bbox 273 3691 434 3772; x_wconf 88' lang='lat' dir='ltr'><strong>usurparit</strong></span> <span class='ocrx_word' id='word_1_259' title='bbox 463 3711 556 3772; x_wconf 94' lang='lat' dir='ltr'><strong>quam</strong></span> <span class='ocrx_word' id='word_1_260' title='bbox 586 3694 759 3773; x_wconf 78' lang='lat' dir='ltr'><strong>conspicans</strong></span> <span class='ocrx_word' id='word_1_261' title='bbox 788 3693 976 3756; x_wconf 88' lang='lat' dir='ltr'><strong>adiectivum</strong></span> <span class='ocrx_word' id='word_1_262' title='bbox 1006 3692 1056 3756; x_wconf 92' lang='lat' dir='ltr'><strong>vel</strong></span> <span class='ocrx_word' id='word_1_263' title='bbox 1085 3693 1306 3774; x_wconf 73' lang='lat' dir='ltr'><strong>corispicieadas</strong></span> <span class='ocrx_word' id='word_1_264' title='bbox 1342 3689 1530 3771; x_wconf 86' lang='lat' dir='ltr'><strong>gerundium</strong></span> 
     </span>
     <span class='ocr_line' id='line_1_30' title="bbox 275 3811 1530 3896; baseline 0 -22"><span class='ocrx_word' id='word_1_265' title='bbox 275 3811 416 3875; x_wconf 91' lang='lat' dir='ltr'><strong>obtinere</strong></span> <span class='ocrx_word' id='word_1_266' title='bbox 439 3812 549 3890; x_wconf 87' lang='lat' dir='ltr'><strong>solent,</strong></span> <span class='ocrx_word' id='word_1_267' title='bbox 576 3829 670 3876; x_wconf 90' lang='lat' dir='ltr'><strong>nemo</strong></span> <span class='ocrx_word' id='word_1_268' title='bbox 700 3812 824 3876; x_wconf 90' lang='lat' dir='ltr'><strong>videtur</strong></span> <span class='ocrx_word' id='word_1_269' title='bbox 852 3813 994 3877; x_wconf 87' lang='lat' dir='ltr'><strong>inveniri.</strong></span> <span class='ocrx_word' id='word_1_270' title='bbox 1037 3812 1110 3877; x_wconf 88' lang='lat' dir='ltr'><strong>hine</strong></span> <span class='ocrx_word' id='word_1_271' title='bbox 1136 3815 1308 3896; x_wconf 68' lang='lat' dir='ltr'><strong>corrupimus</strong></span> <span class='ocrx_word' id='word_1_272' title='bbox 1332 3812 1428 3894; x_wconf 84' lang='lat' dir='ltr'><strong>uulgo</strong></span> <span class='ocrx_word' id='word_1_273' title='bbox 1456 3811 1530 3876; x_wconf 89' lang='lat' dir='ltr'><strong>scri·</strong></span> 
     </span>
     <span class='ocr_line' id='line_1_31' title="bbox 274 3931 1530 4015; baseline -0.001 -20"><span class='ocrx_word' id='word_1_274' title='bbox 274 3932 360 4010; x_wconf 88' lang='lat' dir='ltr'><strong>bunt,</strong></span> <span class='ocrx_word' id='word_1_275' title='bbox 376 3934 546 4014; x_wconf 78' lang='lat' dir='ltr'><strong>constipatis</strong></span> <span class='ocrx_word' id='word_1_276' title='bbox 564 3931 745 4011; x_wconf 77' lang='lat' dir='ltr'><strong>Salmasius</strong></span> <span class='ocrx_word' id='word_1_277' title='bbox 761 3934 944 4014; x_wconf 67' lang='lat' dir='ltr'><strong>corispicacai</strong></span> <span class='ocrx_word' id='word_1_278' title='bbox 959 3933 1211 4015; x_wconf 90' lang='lat' dir='ltr'><strong>Oudendorpius.</strong></span> <span class='ocrx_word' id='word_1_279' title='bbox 1255 3952 1313 3998; x_wconf 94' lang='lat' dir='ltr'><strong>nos</strong></span> <span class='ocrx_word' id='word_1_280' title='bbox 1327 3933 1530 3998; x_wconf 90' lang='lat' dir='ltr'><strong>ioculatorem</strong></span> 
     </span>
     <span class='ocr_line' id='line_1_32' title="bbox 273 4053 541 4117; baseline 0 -1"><span class='ocrx_word' id='word_1_281' title='bbox 273 4053 368 4116; x_wconf 88' lang='lat' dir='ltr'><strong>iocari</strong></span> <span class='ocrx_word' id='word_1_282' title='bbox 391 4053 541 4117; x_wconf 92' lang='lat' dir='ltr'><strong>sinemus.</strong></span> 
     </span>
    </p>

    <p class='ocr_par' dir='ltr' id='par_1_6' title="bbox 272 4173 1532 4860">
     <span class='ocr_line' id='line_1_33' title="bbox 400 4173 1530 4256; baseline -0.002 -20"><span class='ocrx_word' id='word_1_283' title='bbox 400 4173 494 4238; x_wconf 84' lang='lat' dir='ltr'><strong>Addo</strong></span> <span class='ocrx_word' id='word_1_284' title='bbox 518 4173 660 4254; x_wconf 87' lang='lat' dir='ltr'><strong>exempla</strong></span> <span class='ocrx_word' id='word_1_285' title='bbox 682 4173 835 4253; x_wconf 88' lang='lat' dir='ltr'><strong>quaedam</strong></span> <span class='ocrx_word' id='word_1_286' title='bbox 859 4192 895 4237; x_wconf 88' lang='lat' dir='ltr'><strong>ex</strong></span> <span class='ocrx_word' id='word_1_287' title='bbox 918 4174 1035 4239; x_wconf 88' lang='lat' dir='ltr'><strong>liberae</strong></span> <span class='ocrx_word' id='word_1_288' title='bbox 1057 4174 1265 4256; x_wconf 87' lang='lat' dir='ltr'><strong>reipublicae</strong></span> <span class='ocrx_word' id='word_1_289' title='bbox 1294 4175 1450 4255; x_wconf 90' lang='lat' dir='ltr'><strong>primique</strong></span> <span class='ocrx_word' id='word_1_290' title='bbox 1473 4173 1530 4235; x_wconf 93' lang='lat' dir='ltr'><strong>im-</strong></span> 
     </span>
     <span class='ocr_line' id='line_1_34' title="bbox 274 4294 1531 4376; baseline -0.003 -18"><span class='ocrx_word' id='word_1_291' title='bbox 274 4295 353 4376; x_wconf 90' lang='lat' dir='ltr'><strong>perii</strong></span> <span class='ocrx_word' id='word_1_292' title='bbox 374 4295 555 4359; x_wconf 88' lang='lat' dir='ltr'><strong>auctoribus</strong></span> <span class='ocrx_word' id='word_1_293' title='bbox 570 4295 675 4375; x_wconf 80' lang='lat' dir='ltr'><strong>petita</strong></span> <span class='ocrx_word' id='word_1_294' title='bbox 709 4299 803 4375; x_wconf 89' lang='lat' dir='ltr'><strong>atque</strong></span> <span class='ocrx_word' id='word_1_295' title='bbox 821 4294 955 4359; x_wconf 90' lang='lat' dir='ltr'><strong>Cicero</strong></span> <span class='ocrx_word' id='word_1_296' title='bbox 976 4295 1103 4376; x_wconf 91' lang='lat' dir='ltr'><strong>quidem</strong></span> <span class='ocrx_word' id='word_1_297' title='bbox 1124 4300 1274 4376; x_wconf 91' lang='lat' dir='ltr'><strong>quantum</strong></span> <span class='ocrx_word' id='word_1_298' title='bbox 1299 4294 1441 4360; x_wconf 85' lang='lat' dir='ltr'><strong>dilexerit</strong></span> <span class='ocrx_word' id='word_1_299' title='bbox 1462 4310 1531 4356; x_wconf 89' lang='lat' dir='ltr'><strong>sen-</strong></span> 
     </span>
     <span class='ocr_line' id='line_1_35' title="bbox 273 4411 1531 4498; baseline -0.003 -19"><span class='ocrx_word' id='word_1_300' title='bbox 273 4416 441 4480; x_wconf 88' lang='lat' dir='ltr'><strong>tentiarum</strong></span> <span class='ocrx_word' id='word_1_301' title='bbox 474 4416 723 4494; x_wconf 87' lang='lat' dir='ltr'><strong>concinnitatem,</strong></span> <span class='ocrx_word' id='word_1_302' title='bbox 750 4417 812 4481; x_wconf 90' lang='lat' dir='ltr'><strong>illis</strong></span> <span class='ocrx_word' id='word_1_303' title='bbox 842 4436 922 4498; x_wconf 88' lang='lat' dir='ltr'><strong>quae</strong></span> <span class='ocrx_word' id='word_1_304' title='bbox 952 4422 983 4481; x_wconf 91' lang='lat' dir='ltr'><strong>et</strong></span> <span class='ocrx_word' id='word_1_305' title='bbox 1012 4418 1133 4481; x_wconf 90' lang='lat' dir='ltr'><strong>ratione</strong></span> <span class='ocrx_word' id='word_1_306' title='bbox 1161 4417 1296 4481; x_wconf 92' lang='lat' dir='ltr'><strong>obtinuit</strong></span> <span class='ocrx_word' id='word_1_307' title='bbox 1326 4419 1357 4478; x_wconf 87' lang='lat' dir='ltr'><strong>et</strong></span> <span class='ocrx_word' id='word_1_308' title='bbox 1388 4432 1448 4478; x_wconf 90' lang='lat' dir='ltr'><strong>usu</strong></span> <span class='ocrx_word' id='word_1_309' title='bbox 1478 4411 1531 4475; x_wconf 91' lang='lat' dir='ltr'><strong>ad·</strong></span> 
     </span>
     <span class='ocr_line' id='line_1_36' title="bbox 272 4531 1531 4618; baseline -0.004 -18"><span class='ocrx_word' id='word_1_310' title='bbox 272 4536 374 4600; x_wconf 91' lang='lat' dir='ltr'><strong>hibuit</strong></span> <span class='ocrx_word' id='word_1_311' title='bbox 396 4535 590 4616; x_wconf 88' lang='lat' dir='ltr'><strong>amplissime</strong></span> <span class='ocrx_word' id='word_1_312' title='bbox 619 4537 778 4602; x_wconf 87' lang='lat' dir='ltr'><strong>edoemur.</strong></span> <span class='ocrx_word' id='word_1_313' title='bbox 822 4539 878 4604; x_wconf 89' lang='lat' dir='ltr'><strong>sed</strong></span> <span class='ocrx_word' id='word_1_314' title='bbox 900 4543 935 4601; x_wconf 93' lang='lat' dir='ltr'><strong>ut</strong></span> <span class='ocrx_word' id='word_1_315' title='bbox 958 4539 1062 4602; x_wconf 88' lang='lat' dir='ltr'><strong>decuit</strong></span> <span class='ocrx_word' id='word_1_316' title='bbox 1084 4557 1243 4602; x_wconf 91' lang='lat' dir='ltr'><strong>summum</strong></span> <span class='ocrx_word' id='word_1_317' title='bbox 1266 4537 1320 4618; x_wconf 95' lang='lat' dir='ltr'><strong>qui</strong></span> <span class='ocrx_word' id='word_1_318' title='bbox 1342 4537 1374 4599; x_wconf 91' lang='lat' dir='ltr'><strong>in</strong></span> <span class='ocrx_word' id='word_1_319' title='bbox 1403 4531 1531 4598; x_wconf 92' lang='lat' dir='ltr'><strong>luminis</strong></span> 
     </span>
     <span class='ocr_line' id='line_1_37' title="bbox 274 4653 1532 4740; baseline -0.003 -20"><span class='ocrx_word' id='word_1_320' title='bbox 274 4657 377 4721; x_wconf 90' lang='lat' dir='ltr'><strong>editus</strong></span> <span class='ocrx_word' id='word_1_321' title='bbox 400 4662 448 4721; x_wconf 91' lang='lat' dir='ltr'><strong>est</strong></span> <span class='ocrx_word' id='word_1_322' title='bbox 470 4676 541 4720; x_wconf 89' lang='lat' dir='ltr'><strong>oras</strong></span> <span class='ocrx_word' id='word_1_323' title='bbox 564 4657 688 4721; x_wconf 88' lang='lat' dir='ltr'><strong>dicendi</strong></span> <span class='ocrx_word' id='word_1_324' title='bbox 709 4657 868 4737; x_wconf 88' lang='lat' dir='ltr'><strong>artificem,</strong></span> <span class='ocrx_word' id='word_1_325' title='bbox 890 4677 931 4722; x_wconf 93' lang='lat' dir='ltr'><strong>ne</strong></span> <span class='ocrx_word' id='word_1_326' title='bbox 960 4659 1087 4739; x_wconf 86' lang='lat' dir='ltr'><strong>linguae</strong></span> <span class='ocrx_word' id='word_1_327' title='bbox 1113 4657 1200 4738; x_wconf 88' lang='lat' dir='ltr'><strong>leges</strong></span> <span class='ocrx_word' id='word_1_328' title='bbox 1228 4661 1357 4740; x_wconf 88' lang='lat' dir='ltr'><strong>propter</strong></span> <span class='ocrx_word' id='word_1_329' title='bbox 1383 4653 1532 4738; x_wconf 93' lang='lat' dir='ltr'><strong>loquendi</strong></span> 
     </span>
     <span class='ocr_line' id='line_1_38' title="bbox 275 4775 1532 4860; baseline -0.001 -22"><span class='ocrx_word' id='word_1_330' title='bbox 275 4775 392 4857; x_wconf 84' lang='lat' dir='ltr'><strong>figuras</strong></span> <span class='ocrx_word' id='word_1_331' title='bbox 407 4777 489 4841; x_wconf 91' lang='lat' dir='ltr'><strong>belle</strong></span> <span class='ocrx_word' id='word_1_332' title='bbox 505 4783 662 4842; x_wconf 87' lang='lat' dir='ltr'><strong>contortas</strong></span> <span class='ocrx_word' id='word_1_333' title='bbox 678 4778 816 4857; x_wconf 87' lang='lat' dir='ltr'><strong>violaret,</strong></span> <span class='ocrx_word' id='word_1_334' title='bbox 831 4783 975 4842; x_wconf 87' lang='lat' dir='ltr'><strong>accurate</strong></span> <span class='ocrx_word' id='word_1_335' title='bbox 990 4778 1175 4860; x_wconf 88' lang='lat' dir='ltr'><strong>plerumque</strong></span> <span class='ocrx_word' id='word_1_336' title='bbox 1191 4777 1277 4842; x_wconf 91' lang='lat' dir='ltr'><strong>dedit</strong></span> <span class='ocrx_word' id='word_1_337' title='bbox 1295 4796 1430 4858; x_wconf 88' lang='lat' dir='ltr'><strong>operam.</strong></span> <span class='ocrx_word' id='word_1_338' title='bbox 1459 4792 1532 4840; x_wconf 91' lang='lat' dir='ltr'><strong>nam</strong></span> 
     </span>
    </p>
   </div>
   <div class='ocr_carea' id='block_1_6' title="bbox 0 0 1717 5408">
    <p class='ocr_par' dir='ltr' id='par_1_7' title="bbox 0 0 1717 5408">
     <span class='ocr_line' id='line_1_39' title="bbox 0 0 1717 5408; baseline 0 0"><span class='ocrx_word' id='word_1_339' title='bbox 0 0 1717 5408; x_wconf 95' lang='lat' dir='ltr'><strong> </strong></span> 
     </span>
    </p>
   </div>
  </div>
 </body>
</html>
