3410 5408
815 381 855 444 57

209 565 303 628 mrdta
317 567 480 651 perfidiose
496 566 585 650 facta
606 565 747 640 uidebitis,
769 565 899 629 ibidem:
916 587 981 646 par
1003 573 1043 626 cst
1063 565 1201 640 avaritia,
1224 565 1328 628 similis
1349 566 1464 646 impro-

209 684 292 763 bitas,
307 685 409 747 cadem
428 683 622 766 impudentia,
636 671 754 764 pimina
768 683 906 760 audacia,
928 683 987 745 149
1003 684 1181 746 adsiduitate
1197 685 1315 747 consilio
1337 685 1465 746 auctori-

209 815 267 866 tate
297 803 455 886 ditipcntia.
514 821 551 866 ex
580 801 692 866 ceteris
723 801 915 866 orationibus
946 820 1046 883 pauca
1074 799 1217 884 afferam,
1246 803 1359 883 quibus
1387 802 1466 866 ratio

211 941 273 1004 qua
294 941 372 987 usus
394 923 435 986 sit
456 922 638 987 illustretur.
680 921 712 983 in
741 920 860 982 Verrem
882 920 928 985 IV
952 921 1011 983 116
1034 943 1109 1004 quiae
1136 932 1198 982 tam
1224 923 1255 982 in
1279 922 1350 983 urbe
1376 931 1465 1002 capta

210 1043 363 1104 commissa
384 1064 443 1104 non
464 1052 530 1103 aurit
551 1062 642 1124 neque
663 1039 849 1106 odioitostili
869 1061 960 1124 neque
982 1039 1095 1102 licentia
1117 1040 1250 1116 militari,
1271 1061 1362 1124 neque
1384 1061 1465 1102 more

209 1161 277 1222 belli
295 1182 386 1244 neqne
407 1161 471 1223 iure
485 1159 629 1222 victoriae.
675 1160 735 1222 120
756 1159 898 1242 aedificiis
915 1159 1055 1236 omnibus,
1074 1159 1202 1240 publicis
1217 1159 1356 1239 priuatis,
1370 1157 1463 1220 sacres

208 1279 359 1362 profanis.
410 1277 493 1342 idem
517 1299 579 1358 pro
607 1277 699 1340 Sestio
723 1278 740 1340 1
771 1277 821 1360 qui
849 1278 949 1340 ornnia
978 1279 1079 1340 diuina
1111 1289 1137 1340 et
1168 1277 1297 1339 duruana
1327 1276 1466 1338 uiolarint

163 1391 166 1396 ’
210 1399 352 1475 1111νὶ111,
368 1396 577 1480 perturbarint
595 1397 754 1473 euertaint,
778 1397 817 1459 10
840 1397 928 1458 recito
954 1399 1128 1460 memoriam
1150 1397 1305 1480 perfuncti
1329 1393 1463 1476 periculi,

208 1517 460 1596 praedicationem
481 1515 659 1595 amplissimi
679 1515 810 1599 benaicii
816 1537 825 1587 3
847 1537 943 1577 vocem
964 1517 1059 1600 officii
1076 1517 1247 1596 praesentis,
1270 1515 1465 1578 testimoninm

205 1635 365 1716 praeteriti
392 1635 540 1716 temporie,
570 1633 702 1696 6611111
726 1633 876 1714 gemebant
903 1635 979 1714 dorii,
1006 1637 1165 1717 sperabant
1191 1635 1336 1715 improbi3
1363 1633 1466 1714 apodat

210 1755 275 1815 trid.
297 1753 351 1834 pl,
372 1753 500 1816 coresules
522 1753 711 1814 adiuvabant.
754 1753 838 1816 idem
854 1775 916 1833 pro
939 1753 1062 1817 Plancio
1085 1758 1103 1819 9
1125 1777 1183 1818 rtorr
1206 1765 1245 1816 est
1274 1753 1350 1814 enim
1370 1749 1464 1812 consi-

211 1869 284 1931 linm
304 1873 336 1932 in
358 1872 442 1954 ottlpo
464 1896 523 1935 non
543 1874 630 1950 ratio,
651 1895 710 1934 non
732 1873 887 1934 discrimen
908 1895 967 1934 non
989 1873 1148 1956 diligentia,
1170 1873 1225 1937 ubi
1244 1865 1459 1952 ‘diligentiam’

211 1989 296 2052 vocis
329 1993 519 2071 proprietate
551 1996 674 2056 servata
707 1991 789 2068 dicit,
823 1992 957 2056 comitiis
993 1992 1075 2056 enim
1109 1993 1176 2056 sine
1208 1991 1386 2056 discrimine
1419 1989 1465 2050 in·

212 2107 324 2188 dignos
345 2109 416 2191 legi,
438 2111 563 2193 neglegi
585 2111 698 2192 dignos
722 2111 863 2191 exponit,
890 2116 926 2175 ut
946 2113 1098 2176 Horatius
1120 2137 1211 2175 carra
1234 2112 1360 2186 11418
1382 2109 1466 2170 crede

211 2249 270 2288 non
303 2228 386 2290 illam
412 2231 465 2292 tib-i
490 2231 526 2292 de
547 2231 662 2292 scelesta
690 2231 775 2312 plebe
805 2231 981 2294 dilectam.
1028 2232 1112 2296 idem
1143 2254 1186 2294 or.
1209 2231 1345 2312 Philipp.
1368 2228 1402 2291 II
1426 2229 1463 2289 lt

212 2346 313 2408 urbem
344 2348 532 2433 inflammare
566 2351 638 2412 eires
672 2353 831 2430 trucidare,
862 2363 978 2414 uastare
1011 2351 1134 2412 Italiam
1166 2350 1259 2413 delere
1286 2371 1349 2410 rem
1368 2346 1465 2428 publi-

212 2486 286 2527 cam.
340 2466 404 2530 VII
424 2471 463 2532 26
491 2471 608 2532 caritati
638 2473 731 2549 erecti,
756 2472 862 2552 parati
887 2471 1005 2532 armati.
1055 2471 1141 2534 XI2
1171 2471 1348 2532 invisitatum
1377 2467 1464 2528 irruu-

177 2669 181 2674 .
212 2583 320 2662 ditum,
340 2587 446 2669 feram
473 2589 643 2653 barborum.
698 2590 817 2655 X1V8
848 2601 962 2671 pestem
999 2591 1174 2667 uastitatem,
1209 2588 1370 2651 cruciatum
1404 2595 1465 2646 tor-

212 2711 326 2776 nrenta3
350 2703 389 2767 de
410 2707 480 2770 allis
502 2707 595 2771 huius
610 2710 733 2789 generis
755 2709 913 2790 exemplis,
936 2727 1070 2790 quorum
1095 2709 1235 2773 omnium
1260 2705 1350 2770 facile
1378 2702 1466 2766 nobi·

211 2821 366 2886 lissimum
387 2824 420 2888 in
444 2825 624 2892 Catilinaria
645 2830 783 2894 secunda
804 2830 932 2910 legitur:
954 2830 1026 2891 abiit
1047 2829 1164 2891 eccessit
1185 2829 1273 2890 etrasit
1295 2826 1392 2906 erupit
1414 2821 1464 2904 (cf.

215 2940 319 3018 Quint
341 2944 405 3006 inst.
429 2945 476 3009 IX
498 2949 591 3030 311),
612 2947 709 3012 libros
731 2949 804 3012 vide
825 2949 969 3030 volgares
990 2947 1230 3028 Naegelsbachii
1252 2950 1284 3009 et
1305 2943 1466 3024 Draegeri.

215 3059 321 3126 Calvi
350 3065 526 3146 exemplum
556 3067 714 3148 quoddam
743 3088 762 3132 a
790 3067 981 3144 Quintiliano
1011 3068 1071 3150 (IX
1092 3069 1175 3150 3,56)
1204 3068 1466 3130 commemoratur

213 3182 354 3262 argutius
377 3202 471 3264 quam
498 3185 565 3248 eius
591 3184 712 3251 ferebat
738 3187 947 3251 consuetudo:
974 3210 1032 3250 non
1058 3209 1126 3268 erpo
1152 3188 1247 3268 mapis
1268 3185 1465 3266 pecuniarum

212 3303 444 3382 repetundarum
471 3327 561 3388 quum
587 3308 755 3385 maiestatis,
784 3329 875 3392 neque
900 3307 1060 3369 maiestatis
1087 3308 1182 3388 may-is
1210 3329 1300 3390 quam
1329 3303 1467 3366 Plautiae

213 3421 291 3502 lepis,
320 3445 411 3506 neque
436 3423 575 3488 Plautiae
603 3425 672 3508 lepis
697 3427 792 3506 mapis
818 3449 909 3510 quam
937 3427 1071 3504 ambitus,
1098 3449 1188 3511 neque
1215 3427 1341 3488 ambitus
1369 3425 1464 3506 magis

213 3563 303 3622 quam
335 3544 466 3605 omnium
497 3544 600 3626 legum.
657 3544 833 3609 Sallustii
866 3547 898 3609 in
933 3545 1065 3610 Catilina
1095 3545 1172 3610 haec
1204 3545 1345 3627 exempla
1378 3549 1466 3608 sunt:

214 3661 283 3738 lou
299 3686 362 3744 pro
381 3664 426 3726 llis
447 3665 618 3744 superbiam
639 3666 848 3744 crudelitatem,
864 3667 931 3729 deos
949 3665 1097 3748 neplcpcre
1115 3667 1215 3729 omnia
1232 3666 1343 3728 cerialia
1358 3665 1464 3728 haltere

212 3780 332 3860 edocuit,
356 3785 424 3862 12,2
446 3806 554 3866 rapere
576 3806 750 3862 comantem,
779 3807 834 3847 sua
856 3785 948 3866 parci
970 3785 1100 3866 pendere
1128 3785 1224 3848 alienu
1254 3807 1367 3868 cupere,
1395 3787 1463 3862 20‚7

211 3921 291 3982 repes
314 3905 477 3968 tetrarchae
498 3906 648 3988 aectiqales
670 3928 736 3984 esse,
762 3905 872 3986 populi
896 3907 1026 3968 nationes
1052 3906 1198 3988 stipendia
1224 3907 1361 3987 pendere,
1395 3907 1464 3983 52,5

189 4021 314 4092 ,domos
345 4025 439 4102 villas,
469 4026 554 4107 siqua
584 4025 707 4103 tabulas,
740 4025 797 4090 sed
829 4025 905 4089 artis
937 4030 1104 4107 praecepta
1133 4025 1284 4103 consulto,
1314 4029 1350 4088 ut
1379 4023 1465 4101 solet,

210 4125 349 4222 neglegit
369 4143 418 4209 his
433 4144 551 4209 verbis:
574 4146 643 4222 51,1
666 4146 760 4208 omnis
780 4145 917 4223 domines,
939 4147 991 4230 qui
1013 4147 1049 4208 de
1069 4147 1155 4208 rebus
1176 4147 1272 4208 dubiis
1293 4144 1464 4221 cormeltaut,

210 4260 247 4320 ab
268 4261 335 4324 odio
357 4265 496 4343 amicitia,
525 4267 574 4328 ira
602 4276 711 4349 atquc
735 4265 940 4329 misericordia
966 4288 1071 4330 vacuos
1099 4289 1158 4330 esse
1184 4267 1262 4330 decet
1291 4269 1323 4329 et
1350 4264 1464 4346 quibus

209 4379 349 4445 libellum
372 4385 531 4450 concludit
549 4385 613 4450 his:
634 4387 677 4448 ita
698 4387 779 4449 carie
795 4408 855 4467 per
876 4409 991 4449 omnem
1020 4389 1178 4450 coercitum
1206 4387 1316 4450 laetitia
1345 4407 1464 4448 maeror

210 4499 301 4563 lactas
322 4514 409 4588 atque
428 4507 542 4587 paudia
562 4506 759 4588 apitadantur.
786 4544 825 4555 -
849 4505 912 4571 Sed
932 4507 1045 4588 ingens
1071 4511 1164 4588 atque
1185 4508 1327 4589 ineptum
1356 4507 1389 4569 in
1412 4506 1464 4570 de-

210 4620 413 4687 clamatorum
447 4623 573 4689 scholiis
596 4624 749 4689 succrevit
776 4625 936 4704 quaternis
964 4625 1114 4690 membris
1144 4625 1287 4690 struendi
1315 4623 1464 4706 periodos

219 4744 367 4824 studium,
389 4762 521 4828 quarum
542 4744 699 4827 permulta
720 4745 911 4828 exemplam
934 4745 1099 4812 Senecae
1119 4746 1217 4833 patris
1239 4749 1344 4814 extem
1368 4744 1465 4824 libris,
