<?xml version="1.0" encoding="UTF-8"?>
<!DOCTYPE html PUBLIC "-//W3C//DTD XHTML 1.0 Transitional//EN"
    "http://www.w3.org/TR/xhtml1/DTD/xhtml1-transitional.dtd">
<html xmlns="http://www.w3.org/1999/xhtml" xml:lang="en" lang="en">
 <head>
  <title>
</title>
<meta http-equiv="Content-Type" content="text/html;charset=utf-8" />
  <meta name='ocr-system' content='tesseract 3.04.00' />
  <meta name='ocr-capabilities' content='ocr_page ocr_carea ocr_par ocr_line ocrx_word'/>
</head>
<body>
  <div class='ocr_page' id='page_1' title='image "./deminuciifelici00greigoog_0063.png"; bbox 0 0 3410 5408; ppageno 0'>
   <div class='ocr_carea' id='block_1_1' title="bbox 851 397 891 460">
    <p class='ocr_par' dir='ltr' id='par_1_1' title="bbox 851 397 891 460">
     <span class='ocr_line' id='line_1_1' title="bbox 851 397 891 460; baseline 0.05 -2"><span class='ocrx_word' id='word_1_1' title='bbox 851 397 891 460; x_wconf 86' lang='grc'><em>58</em></span> 
     </span>
    </p>
   </div>
   <div class='ocr_carea' id='block_1_2' title="bbox 777 481 979 492">
    <p class='ocr_par' dir='ltr' id='par_1_2' title="bbox 777 481 979 492">
     <span class='ocr_line' id='line_1_2' title="bbox 777 481 979 492; baseline -0.01 0"><span class='ocrx_word' id='word_1_2' title='bbox 777 481 979 492; x_wconf 73' lang='lat'>————--</span> 
     </span>
    </p>
   </div>
   <div class='ocr_carea' id='block_1_3' title="bbox 247 579 1503 784">
    <p class='ocr_par' dir='ltr' id='par_1_3' title="bbox 247 579 1503 784">
     <span class='ocr_line' id='line_1_3' title="bbox 248 579 1501 664; baseline -0.002 -19"><span class='ocrx_word' id='word_1_3' title='bbox 248 581 337 646; x_wconf 92' lang='lat' dir='ltr'><em>cuius</em></span> <span class='ocrx_word' id='word_1_4' title='bbox 359 599 396 644; x_wconf 84' lang='lat' dir='ltr'><em>ee</em></span> <span class='ocrx_word' id='word_1_5' title='bbox 418 581 457 644; x_wconf 86' lang='lat' dir='ltr'><em>de</em></span> <span class='ocrx_word' id='word_1_6' title='bbox 478 599 513 644; x_wconf 87' lang='lat' dir='ltr'><em>re</em></span> <span class='ocrx_word' id='word_1_7' title='bbox 534 579 748 644; x_wconf 83' lang='lat' dir='ltr'><em>testimonium</em></span> <span class='ocrx_word' id='word_1_8' title='bbox 772 599 867 662; x_wconf 85' lang='lat' dir='ltr'><em>supre</em></span> <span class='ocrx_word' id='word_1_9' title='bbox 888 579 986 658; x_wconf 81' lang='lat' dir='ltr'><em>attuli,</em></span> <span class='ocrx_word' id='word_1_10' title='bbox 1008 583 1043 642; x_wconf 90' lang='lat' dir='ltr'><em>ut</em></span> <span class='ocrx_word' id='word_1_11' title='bbox 1064 590 1154 643; x_wconf 86' lang='lat' dir='ltr'><em>contr.</em></span> <span class='ocrx_word' id='word_1_12' title='bbox 1177 580 1194 643; x_wconf 92' lang='grc' dir='ltr'>Ι</span> <span class='ocrx_word' id='word_1_13' title='bbox 1216 581 1265 657; x_wconf 88' lang='grc'><em>2,5</em></span> <span class='ocrx_word' id='word_1_14' title='bbox 1288 579 1408 664; x_wconf 82' lang='lat' dir='ltr'><em>quidsi</em></span> <span class='ocrx_word' id='word_1_15' title='bbox 1433 589 1501 642; x_wconf 82' lang='lat' dir='ltr'><em>tan-</em></span> 
     </span>
     <span class='ocr_line' id='line_1_4' title="bbox 247 679 1503 784; baseline 0 -23"><span class='ocrx_word' id='word_1_16' title='bbox 247 711 308 762; x_wconf 86' lang='lat' dir='ltr'><em>tum</em></span> <span class='ocrx_word' id='word_1_17' title='bbox 331 711 427 781; x_wconf 86' lang='lat' dir='ltr'><em>capta,</em></span> <span class='ocrx_word' id='word_1_18' title='bbox 450 701 523 784; x_wconf 82' lang='lat' dir='ltr'><em>quid</em></span> <span class='ocrx_word' id='word_1_19' title='bbox 544 701 570 762; x_wconf 87' lang='lat' dir='ltr'><em>si</em></span> <span class='ocrx_word' id='word_1_20' title='bbox 590 710 703 760; x_wconf 78' lang='lat' dir='ltr'><em>tannem</em></span> <span class='ocrx_word' id='word_1_21' title='bbox 720 701 892 780; x_wconf 85' lang='lat' dir='ltr'><em>prostituta,</em></span> <span class='ocrx_word' id='word_1_22' title='bbox 915 700 989 784; x_wconf 76' lang='lat' dir='ltr'><em>quid</em></span> <span class='ocrx_word' id='word_1_23' title='bbox 1009 684 1175 760; x_wconf 76' lang='lat' dir='ltr'><em>sitantum</em></span> <span class='ocrx_word' id='word_1_24' title='bbox 1200 679 1356 775; x_wconf 76' lang='lat' dir='ltr'><em>homicida,¹</em></span> <span class='ocrx_word' id='word_1_25' title='bbox 1378 699 1451 782; x_wconf 83' lang='lat' dir='ltr'><em>quid</em></span> <span class='ocrx_word' id='word_1_26' title='bbox 1476 701 1503 761; x_wconf 86' lang='lat' dir='ltr'><em>si</em></span> 
     </span>
    </p>
   </div>
   <div class='ocr_carea' id='block_1_4' title="bbox 242 818 1506 4249">
    <p class='ocr_par' dir='ltr' id='par_1_4' title="bbox 242 818 1506 4249">
     <span class='ocr_line' id='line_1_5' title="bbox 248 818 1501 902; baseline -0.002 -22"><span class='ocrx_word' id='word_1_27' title='bbox 248 829 362 880; x_wconf 87' lang='lat' dir='ltr'><em>tantum</em></span> <span class='ocrx_word' id='word_1_28' title='bbox 390 840 442 880; x_wconf 89' lang='lat' dir='ltr'><em>rea</em></span> <span class='ocrx_word' id='word_1_29' title='bbox 463 819 593 902; x_wconf 76' lang='lat' dir='ltr'><em>fuisses?</em></span> <span class='ocrx_word' id='word_1_30' title='bbox 641 819 704 884; x_wconf 90' lang='lat' dir='ltr'><em>VII</em></span> <span class='ocrx_word' id='word_1_31' title='bbox 728 820 774 896; x_wconf 78' lang='lat'><em>1‚7</em></span> <span class='ocrx_word' id='word_1_32' title='bbox 799 829 889 900; x_wconf 87' lang='lat' dir='ltr'><em>pater</em></span> <span class='ocrx_word' id='word_1_33' title='bbox 916 829 1012 880; x_wconf 86' lang='lat' dir='ltr'><em>noster</em></span> <span class='ocrx_word' id='word_1_34' title='bbox 1043 818 1190 899; x_wconf 59' lang='lat' dir='ltr'><em>natriqaoit</em></span> <span class='ocrx_word' id='word_1_35' title='bbox 1215 839 1313 879; x_wconf 88' lang='lat' dir='ltr'><em>sereno</em></span> <span class='ocrx_word' id='word_1_36' title='bbox 1344 818 1391 879; x_wconf 84' lang='lat' dir='ltr'><em>die</em></span> <span class='ocrx_word' id='word_1_37' title='bbox 1417 829 1501 878; x_wconf 88' lang='lat' dir='ltr'><em>tran·</em></span> 
     </span>
     <span class='ocr_line' id='line_1_6' title="bbox 248 935 1501 1020; baseline 0.001 -25"><span class='ocrx_word' id='word_1_38' title='bbox 248 937 338 1020; x_wconf 84' lang='lat' dir='ltr'><em>quilla</em></span> <span class='ocrx_word' id='word_1_39' title='bbox 357 937 446 1011; x_wconf 85' lang='lat' dir='ltr'><em>mari,</em></span> <span class='ocrx_word' id='word_1_40' title='bbox 469 938 620 1018; x_wconf 86' lang='lat' dir='ltr'><em>auspicato</em></span> <span class='ocrx_word' id='word_1_41' title='bbox 641 939 743 1000; x_wconf 87' lang='lat' dir='ltr'><em>itinere</em></span> <span class='ocrx_word' id='word_1_42' title='bbox 763 939 877 1018; x_wconf 74' lang='lat' dir='ltr'><em>intepra</em></span> <span class='ocrx_word' id='word_1_43' title='bbox 899 958 978 998; x_wconf 89' lang='lat' dir='ltr'><em>nava</em></span> <span class='ocrx_word' id='word_1_44' title='bbox 1024 935 1054 1000; x_wconf 86' lang='lat' dir='ltr'>X</span> <span class='ocrx_word' id='word_1_45' title='bbox 1077 938 1124 1013; x_wconf 91' lang='grc'><em>1,1</em></span> <span class='ocrx_word' id='word_1_46' title='bbox 1148 937 1227 1020; x_wconf 83' lang='lat' dir='ltr'><em>quad</em></span> <span class='ocrx_word' id='word_1_47' title='bbox 1251 937 1421 998; x_wconf 88' lang='lat' dir='ltr'><em>sordidatus</em></span> <span class='ocrx_word' id='word_1_48' title='bbox 1446 936 1501 1013; x_wconf 75' lang='lat' dir='ltr'><em>fui,</em></span> 
     </span>
     <span class='ocr_line' id='line_1_7' title="bbox 248 1055 1502 1141; baseline 0.001 -25"><span class='ocrx_word' id='word_1_49' title='bbox 248 1055 339 1118; x_wconf 89' lang='lat' dir='ltr'><em>luctus</em></span> <span class='ocrx_word' id='word_1_50' title='bbox 361 1067 417 1128; x_wconf 88' lang='lat' dir='ltr'><em>est‚·</em></span> <span class='ocrx_word' id='word_1_51' title='bbox 440 1058 520 1140; x_wconf 79' lang='lat' dir='ltr'><em>qttod</em></span> <span class='ocrx_word' id='word_1_52' title='bbox 533 1057 616 1141; x_wconf 80' lang='lat' dir='ltr'><em>flevi,</em></span> <span class='ocrx_word' id='word_1_53' title='bbox 633 1057 754 1140; x_wconf 85' lang='lat' dir='ltr'><em>pietatis</em></span> <span class='ocrx_word' id='word_1_54' title='bbox 776 1067 828 1135; x_wconf 76' lang='lat' dir='ltr'><em>est3</em></span> <span class='ocrx_word' id='word_1_55' title='bbox 852 1057 932 1139; x_wconf 81' lang='lat' dir='ltr'><em>quod</em></span> <span class='ocrx_word' id='word_1_56' title='bbox 953 1079 1011 1118; x_wconf 86' lang='lat' dir='ltr'><em>uon</em></span> <span class='ocrx_word' id='word_1_57' title='bbox 1033 1057 1176 1137; x_wconf 73' lang='lat' dir='ltr'><em>accusavi,</em></span> <span class='ocrx_word' id='word_1_58' title='bbox 1197 1055 1310 1118; x_wconf 86' lang='lat' dir='ltr'><em>timeris</em></span> <span class='ocrx_word' id='word_1_59' title='bbox 1339 1065 1396 1126; x_wconf 84' lang='lat' dir='ltr'><em>est‚·</em></span> <span class='ocrx_word' id='word_1_60' title='bbox 1422 1055 1502 1138; x_wconf 77' lang='lat' dir='ltr'><em>qesad</em></span> 
     </span>
     <span class='ocr_line' id='line_1_8' title="bbox 247 1174 1501 1257; baseline 0 -21"><span class='ocrx_word' id='word_1_61' title='bbox 247 1176 382 1257; x_wconf 85' lang='lat' dir='ltr'><em>repulsus</em></span> <span class='ocrx_word' id='word_1_62' title='bbox 404 1187 453 1250; x_wconf 86' lang='lat' dir='ltr'><em>est,</em></span> <span class='ocrx_word' id='word_1_63' title='bbox 476 1188 601 1239; x_wconf 87' lang='lat' dir='ltr'><em>vestrum</em></span> <span class='ocrx_word' id='word_1_64' title='bbox 623 1187 676 1257; x_wconf 84' lang='lat' dir='ltr'><em>est;</em></span> <span class='ocrx_word' id='word_1_65' title='bbox 704 1174 741 1240; x_wconf 87' lang='lat' dir='ltr'><em>ef.</em></span> <span class='ocrx_word' id='word_1_66' title='bbox 760 1176 794 1238; x_wconf 90' lang='grc' dir='ltr'><em>ΙΙ</em></span> <span class='ocrx_word' id='word_1_67' title='bbox 818 1177 896 1253; x_wconf 63' lang='lat' dir='ltr'><em>ull.</em></span> <span class='ocrx_word' id='word_1_68' title='bbox 919 1177 977 1253; x_wconf 89' lang='grc'><em>3,8.</em></span> <span class='ocrx_word' id='word_1_69' title='bbox 999 1175 1047 1239; x_wconf 89' lang='lat' dir='ltr'><em>IX</em></span> <span class='ocrx_word' id='word_1_70' title='bbox 1069 1176 1148 1252; x_wconf 85' lang='lat'>2,10.</span> <span class='ocrx_word' id='word_1_71' title='bbox 1169 1197 1246 1236; x_wconf 88' lang='lat' dir='ltr'><em>suas.</em></span> <span class='ocrx_word' id='word_1_72' title='bbox 1271 1174 1349 1250; x_wconf 86' lang='lat'>1,14.</span> <span class='ocrx_word' id='word_1_73' title='bbox 1371 1175 1430 1249; x_wconf 81' lang='lat'><strong>2‚5.</strong></span> <span class='ocrx_word' id='word_1_74' title='bbox 1453 1175 1501 1237; x_wconf 92' lang='grc'><em>18.</em></span> 
     </span>
     <span class='ocr_line' id='line_1_9' title="bbox 249 1293 1501 1379; baseline -0.002 -22"><span class='ocrx_word' id='word_1_75' title='bbox 249 1296 307 1364; x_wconf 82' lang='grc'><strong>3.3.</strong></span> <span class='ocrx_word' id='word_1_76' title='bbox 330 1297 390 1369; x_wconf 84' lang='grc'><em>6,4.</em></span> <span class='ocrx_word' id='word_1_77' title='bbox 414 1297 461 1372; x_wconf 79' lang='lat'><em>7‚2</em></span> <span class='ocrx_word' id='word_1_78' title='bbox 471 1297 504 1379; x_wconf 83' lang='lat'><em>¹).</em></span> <span class='ocrx_word' id='word_1_79' title='bbox 547 1295 619 1358; x_wconf 92' lang='lat' dir='ltr'><em>hine</em></span> <span class='ocrx_word' id='word_1_80' title='bbox 640 1294 755 1359; x_wconf 88' lang='lat' dir='ltr'><em>factum</em></span> <span class='ocrx_word' id='word_1_81' title='bbox 779 1299 834 1372; x_wconf 86' lang='lat' dir='ltr'><em>est,</em></span> <span class='ocrx_word' id='word_1_82' title='bbox 857 1299 893 1358; x_wconf 90' lang='lat' dir='ltr'><em>ut</em></span> <span class='ocrx_word' id='word_1_83' title='bbox 914 1295 967 1375; x_wconf 92' lang='lat' dir='ltr'><em>qui</em></span> <span class='ocrx_word' id='word_1_84' title='bbox 987 1295 1061 1358; x_wconf 86' lang='lat' dir='ltr'><em>inde</em></span> <span class='ocrx_word' id='word_1_85' title='bbox 1075 1295 1114 1358; x_wconf 86' lang='lat' dir='ltr'><em>ab</em></span> <span class='ocrx_word' id='word_1_86' title='bbox 1130 1293 1283 1356; x_wconf 83' lang='lat' dir='ltr'><em>Hadriani</em></span> <span class='ocrx_word' id='word_1_87' title='bbox 1303 1293 1501 1373; x_wconf 84' lang='lat' dir='ltr'><em>imperatoris</em></span> 
     </span>
     <span class='ocr_line' id='line_1_10' title="bbox 247 1411 1501 1498; baseline -0.002 -21"><span class='ocrx_word' id='word_1_88' title='bbox 247 1415 471 1498; x_wconf 61' lang='lat' dir='ltr'><em>temporibus)</em></span> <span class='ocrx_word' id='word_1_89' title='bbox 492 1415 746 1478; x_wconf 83' lang='lat' dir='ltr'><em>declamatorium</em></span> <span class='ocrx_word' id='word_1_90' title='bbox 767 1415 976 1495; x_wconf 81' lang='lat' dir='ltr'>sequebantur</span> <span class='ocrx_word' id='word_1_91' title='bbox 992 1414 1147 1478; x_wconf 83' lang='lat' dir='ltr'><em>scribendi</em></span> <span class='ocrx_word' id='word_1_92' title='bbox 1162 1431 1261 1494; x_wconf 83' lang='lat' dir='ltr'><em>genus</em></span> <span class='ocrx_word' id='word_1_93' title='bbox 1275 1413 1369 1476; x_wconf 89' lang='lat' dir='ltr'><em>huius</em></span> <span class='ocrx_word' id='word_1_94' title='bbox 1382 1411 1501 1493; x_wconf 84' lang='lat' dir='ltr'><em>figurae</em></span> 
     </span>
     <span class='ocr_line' id='line_1_11' title="bbox 250 1532 1501 1614; baseline 0 -18"><span class='ocrx_word' id='word_1_95' title='bbox 250 1553 310 1597; x_wconf 90' lang='lat' dir='ltr'><em>usu</em></span> <span class='ocrx_word' id='word_1_96' title='bbox 333 1534 524 1611; x_wconf 81' lang='lat' dir='ltr'><em>lascivirent3</em></span> <span class='ocrx_word' id='word_1_97' title='bbox 547 1551 679 1614; x_wconf 89' lang='lat' dir='ltr'><em>quorum</em></span> <span class='ocrx_word' id='word_1_98' title='bbox 703 1551 814 1614; x_wconf 84' lang='lat' dir='ltr'>agmen</span> <span class='ocrx_word' id='word_1_99' title='bbox 837 1533 977 1596; x_wconf 81' lang='lat' dir='ltr'>Fronto</span> <span class='ocrx_word' id='word_1_100' title='bbox 1000 1533 1095 1596; x_wconf 87' lang='lat' dir='ltr'><em>duxit.</em></span> <span class='ocrx_word' id='word_1_101' title='bbox 1138 1533 1165 1596; x_wconf 90' lang='lat' dir='ltr'><em>is</em></span> <span class='ocrx_word' id='word_1_102' title='bbox 1180 1532 1283 1613; x_wconf 84' lang='lat' dir='ltr'><em>qualia</em></span> <span class='ocrx_word' id='word_1_103' title='bbox 1299 1551 1409 1613; x_wconf 83' lang='lat' dir='ltr'><em>graeco</em></span> <span class='ocrx_word' id='word_1_104' title='bbox 1424 1550 1501 1596; x_wconf 90' lang='lat' dir='ltr'><em>usus</em></span> 
     </span>
     <span class='ocr_line' id='line_1_12' title="bbox 249 1643 1502 1739; baseline -0.002 -22"><span class='ocrx_word' id='word_1_105' title='bbox 249 1672 395 1718; x_wconf 80' lang='lat' dir='ltr'><em>sermone</em></span> <span class='ocrx_word' id='word_1_106' title='bbox 423 1653 522 1717; x_wconf 83' lang='lat' dir='ltr'><em>nitide</em></span> <span class='ocrx_word' id='word_1_107' title='bbox 549 1653 725 1734; x_wconf 82' lang='lat' dir='ltr'>composuit</span> <span class='ocrx_word' id='word_1_108' title='bbox 753 1672 782 1734; x_wconf 93' lang='lat' dir='ltr'><em>p.</em></span> <span class='ocrx_word' id='word_1_109' title='bbox 805 1655 866 1716; x_wconf 81' lang='lat'><em>258</em></span> <span class='ocrx_word' id='word_1_110' title='bbox 881 1653 920 1716; x_wconf 90' lang='lat' dir='ltr'><em>N.</em></span> <span class='ocrx_word' id='word_1_111' title='bbox 948 1643 1059 1738; x_wconf 79' lang='grc' dir='ltr'>φθόνος</span> <span class='ocrx_word' id='word_1_112' title='bbox 1081 1655 1130 1714; x_wconf 87' lang='grc' dir='ltr'><em>καὶ</em></span> <span class='ocrx_word' id='word_1_113' title='bbox 1152 1656 1232 1739; x_wconf 80' lang='grc' dir='ltr'>ἔρως,</span> <span class='ocrx_word' id='word_1_114' title='bbox 1259 1653 1309 1714; x_wconf 83' lang='grc' dir='ltr'><em>καὶ</em></span> <span class='ocrx_word' id='word_1_115' title='bbox 1337 1644 1427 1726; x_wconf 77' lang='grc' dir='ltr'>ζῆλος</span> <span class='ocrx_word' id='word_1_116' title='bbox 1452 1653 1502 1714; x_wconf 86' lang='grc' dir='ltr'><em>καὶ</em></span> 
     </span>
     <span class='ocr_line' id='line_1_13' title="bbox 247 1763 1500 1860; baseline -0.002 -26"><span class='ocrx_word' id='word_1_117' title='bbox 247 1775 345 1860; x_wconf 82' lang='grc' dir='ltr'>ἵμερος</span> <span class='ocrx_word' id='word_1_118' title='bbox 366 1773 415 1838; x_wconf 86' lang='lat' dir='ltr'><em>vel</em></span> <span class='ocrx_word' id='word_1_119' title='bbox 438 1771 539 1854; x_wconf 79' lang='grc' dir='ltr'>ὅμοιον</span> <span class='ocrx_word' id='word_1_120' title='bbox 556 1769 631 1854; x_wconf 74' lang='grc' dir='ltr'>ἡλίῳ</span> <span class='ocrx_word' id='word_1_121' title='bbox 655 1775 704 1835; x_wconf 84' lang='grc' dir='ltr'><em>καὶ</em></span> <span class='ocrx_word' id='word_1_122' title='bbox 727 1773 848 1858; x_wconf 78' lang='grc' dir='ltr'>οὐρανῷ,</span> <span class='ocrx_word' id='word_1_123' title='bbox 871 1773 920 1835; x_wconf 85' lang='grc' dir='ltr'><em>καὶ</em></span> <span class='ocrx_word' id='word_1_124' title='bbox 940 1777 979 1856; x_wconf 72' lang='grc' dir='ltr'><em>γῇ</em></span> <span class='ocrx_word' id='word_1_125' title='bbox 1002 1773 1051 1834; x_wconf 78' lang='grc' dir='ltr'><em>καὶ</em></span> <span class='ocrx_word' id='word_1_126' title='bbox 1066 1763 1218 1852; x_wconf 70' lang='grc' dir='ltr'><em>θαλάττῃ,</em></span> <span class='ocrx_word' id='word_1_127' title='bbox 1240 1771 1355 1836; x_wconf 80' lang='lat' dir='ltr'><em>talibus</em></span> <span class='ocrx_word' id='word_1_128' title='bbox 1370 1769 1500 1833; x_wconf 79' lang='lat' dir='ltr'><em>latinum</em></span> 
     </span>
     <span class='ocr_line' id='line_1_14' title="bbox 249 1889 1501 1973; baseline -0.002 -18"><span class='ocrx_word' id='word_1_129' title='bbox 249 1911 372 1972; x_wconf 86' lang='lat' dir='ltr'><em>quoque</em></span> <span class='ocrx_word' id='word_1_130' title='bbox 393 1910 569 1956; x_wconf 86' lang='lat' dir='ltr'><em>sermonem</em></span> <span class='ocrx_word' id='word_1_131' title='bbox 591 1892 784 1973; x_wconf 80' lang='lat' dir='ltr'><em>pingendum</em></span> <span class='ocrx_word' id='word_1_132' title='bbox 808 1911 878 1956; x_wconf 88' lang='lat' dir='ltr'><em>esse</em></span> <span class='ocrx_word' id='word_1_133' title='bbox 900 1892 1102 1970; x_wconf 81' lang='lat' dir='ltr'><em>existimavit3</em></span> <span class='ocrx_word' id='word_1_134' title='bbox 1129 1889 1235 1954; x_wconf 85' lang='lat' dir='ltr'><em>confer</em></span> <span class='ocrx_word' id='word_1_135' title='bbox 1261 1891 1349 1954; x_wconf 86' lang='lat' dir='ltr'><em>haee:</em></span> <span class='ocrx_word' id='word_1_136' title='bbox 1376 1910 1406 1971; x_wconf 90' lang='lat' dir='ltr'><em>p.</em></span> <span class='ocrx_word' id='word_1_137' title='bbox 1429 1889 1501 1954; x_wconf 86' lang='lat' dir='ltr'><em>6N.</em></span> 
     </span>
     <span class='ocr_line' id='line_1_15' title="bbox 247 2002 1506 2097; baseline -0.001 -26"><span class='ocrx_word' id='word_1_138' title='bbox 247 2032 338 2094; x_wconf 81' lang='lat' dir='ltr'><em>neque</em></span> <span class='ocrx_word' id='word_1_139' title='bbox 360 2011 479 2073; x_wconf 82' lang='lat' dir='ltr'><em>dornrun</em></span> <span class='ocrx_word' id='word_1_140' title='bbox 503 2023 627 2074; x_wconf 81' lang='lat' dir='ltr'><em>uestram</em></span> <span class='ocrx_word' id='word_1_141' title='bbox 650 2013 777 2074; x_wconf 86' lang='lat' dir='ltr'><em>diluculo</em></span> <span class='ocrx_word' id='word_1_142' title='bbox 791 2014 917 2074; x_wconf 83' lang='lat' dir='ltr'><em>uentilat</em></span> <span class='ocrx_word' id='word_1_143' title='bbox 937 2035 1028 2097; x_wconf 80' lang='lat' dir='ltr'><em>neqstc</em></span> <span class='ocrx_word' id='word_1_144' title='bbox 1050 2013 1153 2074; x_wconf 89' lang='lat' dir='ltr'><em>cotidie</em></span> <span class='ocrx_word' id='word_1_145' title='bbox 1178 2011 1296 2086; x_wconf 87' lang='lat' dir='ltr'><em>salutat,</em></span> <span class='ocrx_word' id='word_1_146' title='bbox 1326 2032 1416 2094; x_wconf 83' lang='lat' dir='ltr'><em>neque</em></span> <span class='ocrx_word' id='word_1_147' title='bbox 1438 2002 1506 2070; x_wconf 62' lang='lat' dir='ltr'><em>aet</em></span> 
     </span>
     <span class='ocr_line' id='line_1_16' title="bbox 249 2129 1502 2216; baseline -0.001 -26"><span class='ocrx_word' id='word_1_148' title='bbox 249 2151 303 2213; x_wconf 79' lang='lat' dir='ltr'><em>qne</em></span> <span class='ocrx_word' id='word_1_149' title='bbox 325 2132 480 2192; x_wconf 73' lang='lat' dir='ltr'><em>comitatur</em></span> <span class='ocrx_word' id='word_1_150' title='bbox 500 2153 551 2193; x_wconf 88' lang='lat' dir='ltr'><em>nec</em></span> <span class='ocrx_word' id='word_1_151' title='bbox 572 2153 687 2212; x_wconf 77' lang='lat' dir='ltr'><em>semper</em></span> <span class='ocrx_word' id='word_1_152' title='bbox 708 2143 825 2212; x_wconf 86' lang='lat' dir='ltr'><em>spectat.</em></span> <span class='ocrx_word' id='word_1_153' title='bbox 871 2134 910 2195; x_wconf 79' lang='lat'><em>14</em></span> <span class='ocrx_word' id='word_1_154' title='bbox 933 2133 988 2216; x_wconf 84' lang='lat' dir='ltr'><em>(M.</em></span> <span class='ocrx_word' id='word_1_155' title='bbox 1014 2131 1141 2214; x_wconf 81' lang='lat' dir='ltr'><em>Caesar)</em></span> <span class='ocrx_word' id='word_1_156' title='bbox 1172 2153 1270 2193; x_wconf 79' lang='lat' dir='ltr'><em>reram</em></span> <span class='ocrx_word' id='word_1_157' title='bbox 1296 2152 1432 2192; x_wconf 88' lang='lat' dir='ltr'><em>sensuum</em></span> <span class='ocrx_word' id='word_1_158' title='bbox 1446 2129 1502 2212; x_wconf 79' lang='lat' dir='ltr'><em>fa-</em></span> 
     </span>
     <span class='ocr_line' id='line_1_17' title="bbox 249 2249 1500 2334; baseline -0.002 -24"><span class='ocrx_word' id='word_1_159' title='bbox 249 2249 393 2322; x_wconf 86' lang='lat' dir='ltr'><em>cultatem,</em></span> <span class='ocrx_word' id='word_1_160' title='bbox 417 2249 583 2310; x_wconf 79' lang='lat' dir='ltr'><em>elocutionis</em></span> <span class='ocrx_word' id='word_1_161' title='bbox 602 2250 717 2310; x_wconf 84' lang='lat' dir='ltr'><em>uariam</em></span> <span class='ocrx_word' id='word_1_162' title='bbox 740 2251 883 2325; x_wconf 88' lang='lat' dir='ltr'><em>uirtutem,</em></span> <span class='ocrx_word' id='word_1_163' title='bbox 902 2252 1074 2312; x_wconf 87' lang='lat' dir='ltr'><em>inventionis</em></span> <span class='ocrx_word' id='word_1_164' title='bbox 1096 2251 1228 2334; x_wconf 79' lang='lat' dir='ltr'><em>aliquam</em></span> <span class='ocrx_word' id='word_1_165' title='bbox 1251 2250 1413 2326; x_wconf 72' lang='lat' dir='ltr'><em>suavitatem,</em></span> <span class='ocrx_word' id='word_1_166' title='bbox 1430 2269 1500 2309; x_wconf 91' lang='lat' dir='ltr'><em>ora-</em></span> 
     </span>
     <span class='ocr_line' id='line_1_18' title="bbox 248 2368 1501 2449; baseline 0.001 -20"><span class='ocrx_word' id='word_1_167' title='bbox 248 2369 335 2429; x_wconf 87' lang='lat' dir='ltr'><em>tionis</em></span> <span class='ocrx_word' id='word_1_168' title='bbox 356 2368 472 2429; x_wconf 89' lang='lat' dir='ltr'><em>doctum</em></span> <span class='ocrx_word' id='word_1_169' title='bbox 496 2369 715 2448; x_wconf 78' lang='lat' dir='ltr'><em>dispositionem</em></span> <span class='ocrx_word' id='word_1_170' title='bbox 735 2369 913 2432; x_wconf 79' lang='lat' dir='ltr'><em>veliementer</em></span> <span class='ocrx_word' id='word_1_171' title='bbox 934 2370 1059 2430; x_wconf 89' lang='lat' dir='ltr'><em>miratus</em></span> <span class='ocrx_word' id='word_1_172' title='bbox 1081 2381 1128 2431; x_wconf 86' lang='lat' dir='ltr'><em>est.</em></span> <span class='ocrx_word' id='word_1_173' title='bbox 1183 2371 1221 2432; x_wconf 80' lang='lat'><em>15</em></span> <span class='ocrx_word' id='word_1_174' title='bbox 1246 2369 1354 2449; x_wconf 81' lang='lat' dir='ltr'>(verba</span> <span class='ocrx_word' id='word_1_175' title='bbox 1376 2386 1412 2430; x_wconf 81' lang='lat' dir='ltr'><em>ex</em></span> <span class='ocrx_word' id='word_1_176' title='bbox 1434 2385 1501 2430; x_wconf 86' lang='lat' dir='ltr'><em>ora-</em></span> 
     </span>
     <span class='ocr_line' id='line_1_19' title="bbox 251 2486 1504 2572; baseline -0.002 -22"><span class='ocrx_word' id='word_1_177' title='bbox 251 2487 336 2550; x_wconf 82' lang='lat' dir='ltr'>tione</span> <span class='ocrx_word' id='word_1_178' title='bbox 358 2486 492 2567; x_wconf 80' lang='lat' dir='ltr'><em>quadam</em></span> <span class='ocrx_word' id='word_1_179' title='bbox 515 2487 684 2550; x_wconf 84' lang='lat' dir='ltr'><strong>Frontonis</strong></span> <span class='ocrx_word' id='word_1_180' title='bbox 714 2488 823 2572; x_wconf 80' lang='lat' dir='ltr'><em>petita)</em></span> <span class='ocrx_word' id='word_1_181' title='bbox 850 2489 968 2551; x_wconf 82' lang='lat' dir='ltr'><em>beredes</em></span> <span class='ocrx_word' id='word_1_182' title='bbox 994 2489 1098 2569; x_wconf 73' lang='lat' dir='ltr'><em>scripti</em></span> <span class='ocrx_word' id='word_1_183' title='bbox 1123 2489 1308 2570; x_wconf 69' lang='lat' dir='ltr'><em>nauipabunt</em></span> <span class='ocrx_word' id='word_1_184' title='bbox 1337 2487 1504 2548; x_wconf 80' lang='lat' dir='ltr'><em>ecberedati</em></span> 
     </span>
     <span class='ocr_line' id='line_1_20' title="bbox 247 2607 1502 2688; baseline -0.001 -21"><span class='ocrx_word' id='word_1_185' title='bbox 247 2617 344 2669; x_wconf 88' lang='lat' dir='ltr'><em>autem</em></span> <span class='ocrx_word' id='word_1_186' title='bbox 365 2609 395 2668; x_wconf 89' lang='lat' dir='ltr'><em>in</em></span> <span class='ocrx_word' id='word_1_187' title='bbox 411 2608 593 2688; x_wconf 71' lang='lat' dir='ltr'><em>possessione</em></span> <span class='ocrx_word' id='word_1_188' title='bbox 615 2609 816 2682; x_wconf 86' lang='lat' dir='ltr'><em>remanebunt,</em></span> <span class='ocrx_word' id='word_1_189' title='bbox 842 2610 919 2670; x_wconf 84' lang='lat' dir='ltr'><em>diem</em></span> <span class='ocrx_word' id='word_1_190' title='bbox 942 2609 1046 2671; x_wconf 86' lang='lat' dir='ltr'><em>dedic</em></span> <span class='ocrx_word' id='word_1_191' title='bbox 1068 2608 1180 2680; x_wconf 86' lang='lat' dir='ltr'><em>ducent,</em></span> <span class='ocrx_word' id='word_1_192' title='bbox 1204 2607 1357 2669; x_wconf 70' lang='lat' dir='ltr'><em>dilationes</em></span> <span class='ocrx_word' id='word_1_193' title='bbox 1372 2617 1502 2688; x_wconf 83' lang='lat' dir='ltr'><em>petentes</em></span> 
     </span>
     <span class='ocr_line' id='line_1_21' title="bbox 242 2726 1503 2812; baseline 0 -24"><span class='ocrx_word' id='word_1_194' title='bbox 242 2726 319 2810; x_wconf 70' lang='lat' dir='ltr'><em>fora</em></span> <span class='ocrx_word' id='word_1_195' title='bbox 338 2727 429 2788; x_wconf 85' lang='lat' dir='ltr'><em>uariis</em></span> <span class='ocrx_word' id='word_1_196' title='bbox 450 2728 680 2789; x_wconf 82' lang='lat' dir='ltr'><em>euausationibus</em></span> <span class='ocrx_word' id='word_1_197' title='bbox 698 2727 820 2790; x_wconf 78' lang='lat' dir='ltr'><em>trahent.</em></span> <span class='ocrx_word' id='word_1_198' title='bbox 865 2729 903 2791; x_wconf 88' lang='grc'><em>16</em></span> <span class='ocrx_word' id='word_1_199' title='bbox 927 2728 977 2809; x_wconf 82' lang='lat' dir='ltr'><em>(ex</em></span> <span class='ocrx_word' id='word_1_200' title='bbox 1000 2727 1122 2812; x_wconf 83' lang='lat' dir='ltr'><em>eadem)</em></span> <span class='ocrx_word' id='word_1_201' title='bbox 1145 2729 1217 2812; x_wconf 75' lang='lat' dir='ltr'><em>quid</em></span> <span class='ocrx_word' id='word_1_202' title='bbox 1237 2728 1286 2790; x_wconf 92' lang='lat' dir='ltr'><em>ille</em></span> <span class='ocrx_word' id='word_1_203' title='bbox 1300 2729 1406 2810; x_wconf 74' lang='lat' dir='ltr'><em>sopitat</em></span> <span class='ocrx_word' id='word_1_204' title='bbox 1419 2727 1503 2788; x_wconf 89' lang='lat' dir='ltr'><em>aliud</em></span> 
     </span>
     <span class='ocr_line' id='line_1_22' title="bbox 249 2847 1502 2932; baseline 0.002 -26"><span class='ocrx_word' id='word_1_205' title='bbox 249 2869 339 2929; x_wconf 80' lang='lat' dir='ltr'><em>quam</em></span> <span class='ocrx_word' id='word_1_206' title='bbox 359 2847 440 2908; x_wconf 86' lang='lat' dir='ltr'><em>bonis</em></span> <span class='ocrx_word' id='word_1_207' title='bbox 462 2848 564 2909; x_wconf 87' lang='lat' dir='ltr'><em>alienis</em></span> <span class='ocrx_word' id='word_1_208' title='bbox 585 2848 733 2930; x_wconf 73' lang='lat' dir='ltr'><em>incubare,</em></span> <span class='ocrx_word' id='word_1_209' title='bbox 746 2849 866 2932; x_wconf 86' lang='lat' dir='ltr'><em>fructus</em></span> <span class='ocrx_word' id='word_1_210' title='bbox 888 2850 1028 2931; x_wconf 73' lang='lat' dir='ltr'><em>diripere,</em></span> <span class='ocrx_word' id='word_1_211' title='bbox 1050 2871 1138 2930; x_wconf 71' lang='lat' dir='ltr'><em>apros</em></span> <span class='ocrx_word' id='word_1_212' title='bbox 1159 2860 1283 2929; x_wconf 82' lang='lat' dir='ltr'><em>uastare,</em></span> <span class='ocrx_word' id='word_1_213' title='bbox 1305 2871 1368 2910; x_wconf 86' lang='lat' dir='ltr'><em>rem</em></span> <span class='ocrx_word' id='word_1_214' title='bbox 1388 2869 1502 2910; x_wconf 86' lang='lat' dir='ltr'><em>omnem</em></span> 
     </span>
     <span class='ocr_line' id='line_1_23' title="bbox 250 2966 1501 3049; baseline 0.002 -23"><span class='ocrx_word' id='word_1_215' title='bbox 250 2966 441 3047; x_wconf 78' lang='lat' dir='ltr'><em>dilapidare?</em></span> <span class='ocrx_word' id='word_1_216' title='bbox 485 2969 524 3030; x_wconf 85' lang='lat'><em>26</em></span> <span class='ocrx_word' id='word_1_217' title='bbox 548 2967 732 3028; x_wconf 75' lang='lat' dir='ltr'><em>Antoninum</em></span> <span class='ocrx_word' id='word_1_218' title='bbox 755 2979 786 3028; x_wconf 89' lang='lat' dir='ltr'><em>ut</em></span> <span class='ocrx_word' id='word_1_219' title='bbox 800 2968 889 3030; x_wconf 87' lang='lat' dir='ltr'><em>solem</em></span> <span class='ocrx_word' id='word_1_220' title='bbox 909 2979 941 3028; x_wconf 91' lang='lat' dir='ltr'><em>ut</em></span> <span class='ocrx_word' id='word_1_221' title='bbox 961 2969 1048 3049; x_wconf 84' lang='lat' dir='ltr'><em>diem,</em></span> <span class='ocrx_word' id='word_1_222' title='bbox 1063 2978 1095 3029; x_wconf 89' lang='lat' dir='ltr'><em>ut</em></span> <span class='ocrx_word' id='word_1_223' title='bbox 1116 2969 1206 3030; x_wconf 87' lang='lat' dir='ltr'><em>uitam</em></span> <span class='ocrx_word' id='word_1_224' title='bbox 1224 2979 1255 3028; x_wconf 89' lang='lat' dir='ltr'><em>ut</em></span> <span class='ocrx_word' id='word_1_225' title='bbox 1274 2969 1412 3048; x_wconf 87' lang='lat' dir='ltr'><em>spiritum</em></span> <span class='ocrx_word' id='word_1_226' title='bbox 1433 2991 1501 3030; x_wconf 86' lang='lat' dir='ltr'><em>amo</em></span> 
     </span>
     <span class='ocr_line' id='line_1_24' title="bbox 250 3085 1502 3170; baseline 0.002 -24"><span class='ocrx_word' id='word_1_227' title='bbox 250 3085 339 3166; x_wconf 77' lang='lat' dir='ltr'><em>dilipo</em></span> <span class='ocrx_word' id='word_1_228' title='bbox 359 3089 460 3150; x_wconf 80' lang='lat' dir='ltr'><em>autari</em></span> <span class='ocrx_word' id='word_1_229' title='bbox 479 3108 524 3148; x_wconf 87' lang='lat' dir='ltr'><em>me</em></span> <span class='ocrx_word' id='word_1_230' title='bbox 546 3087 583 3147; x_wconf 90' lang='lat' dir='ltr'><em>ab</em></span> <span class='ocrx_word' id='word_1_231' title='bbox 605 3109 636 3148; x_wconf 91' lang='lat' dir='ltr'><em>eo</em></span> <span class='ocrx_word' id='word_1_232' title='bbox 658 3089 755 3150; x_wconf 87' lang='lat' dir='ltr'><em>sentio.</em></span> <span class='ocrx_word' id='word_1_233' title='bbox 801 3089 842 3150; x_wconf 87' lang='grc'><em>28</em></span> <span class='ocrx_word' id='word_1_234' title='bbox 862 3088 915 3169; x_wconf 88' lang='grc' dir='ltr'><em>(Μ.</em></span> <span class='ocrx_word' id='word_1_235' title='bbox 929 3086 1057 3169; x_wconf 84' lang='lat' dir='ltr'><em>Caesar)</em></span> <span class='ocrx_word' id='word_1_236' title='bbox 1080 3087 1153 3148; x_wconf 92' lang='lat' dir='ltr'><em>nibil</em></span> <span class='ocrx_word' id='word_1_237' title='bbox 1174 3109 1224 3169; x_wconf 71' lang='lat' dir='ltr'><em>epo</em></span> <span class='ocrx_word' id='word_1_238' title='bbox 1244 3109 1374 3170; x_wconf 74' lang='lat' dir='ltr'><em>uinquam</em></span> <span class='ocrx_word' id='word_1_239' title='bbox 1389 3087 1502 3168; x_wconf 82' lang='lat' dir='ltr'><em>cultius,</em></span> 
     </span>
     <span class='ocr_line' id='line_1_25' title="bbox 249 3205 1502 3290; baseline 0.004 -26"><span class='ocrx_word' id='word_1_240' title='bbox 249 3205 323 3266; x_wconf 88' lang='lat' dir='ltr'><em>nibil</em></span> <span class='ocrx_word' id='word_1_241' title='bbox 344 3208 502 3290; x_wconf 78' lang='lat' dir='ltr'><em>antiquius,</em></span> <span class='ocrx_word' id='word_1_242' title='bbox 523 3205 596 3268; x_wconf 86' lang='lat' dir='ltr'><em>nibil</em></span> <span class='ocrx_word' id='word_1_243' title='bbox 618 3207 770 3281; x_wconf 86' lang='lat' dir='ltr'><em>conditius,</em></span> <span class='ocrx_word' id='word_1_244' title='bbox 793 3206 867 3267; x_wconf 88' lang='lat' dir='ltr'><em>nibil</em></span> <span class='ocrx_word' id='word_1_245' title='bbox 888 3206 1007 3268; x_wconf 88' lang='lat' dir='ltr'><em>latinius</em></span> <span class='ocrx_word' id='word_1_246' title='bbox 1029 3208 1092 3288; x_wconf 76' lang='lat' dir='ltr'><em>lapi.</em></span> <span class='ocrx_word' id='word_1_247' title='bbox 1135 3207 1176 3269; x_wconf 74' lang='lat'><em>48</em></span> <span class='ocrx_word' id='word_1_248' title='bbox 1206 3227 1256 3286; x_wconf 74' lang='lat' dir='ltr'><em>epa</em></span> <span class='ocrx_word' id='word_1_249' title='bbox 1279 3207 1378 3267; x_wconf 88' lang='lat' dir='ltr'><em>beatus</em></span> <span class='ocrx_word' id='word_1_250' title='bbox 1398 3207 1502 3268; x_wconf 88' lang='lat' dir='ltr'><em>bilaris</em></span> 
     </span>
     <span class='ocr_line' id='line_1_26' title="bbox 250 3316 1503 3412; baseline 0.005 -29"><span class='ocrx_word' id='word_1_251' title='bbox 250 3347 340 3385; x_wconf 87' lang='lat' dir='ltr'><em>sanus</em></span> <span class='ocrx_word' id='word_1_252' title='bbox 368 3327 477 3388; x_wconf 84' lang='lat' dir='ltr'><em>iuuenis</em></span> <span class='ocrx_word' id='word_1_253' title='bbox 505 3327 628 3412; x_wconf 80' lang='lat' dir='ltr'><em>deniqne</em></span> <span class='ocrx_word' id='word_1_254' title='bbox 645 3327 702 3410; x_wconf 80' lang='lat' dir='ltr'><em>fio.</em></span> <span class='ocrx_word' id='word_1_255' title='bbox 745 3329 785 3390; x_wconf 83' lang='lat'><em>49</em></span> <span class='ocrx_word' id='word_1_256' title='bbox 811 3327 866 3409; x_wconf 89' lang='grc' dir='ltr'><em>(Μ.</em></span> <span class='ocrx_word' id='word_1_257' title='bbox 889 3326 1015 3411; x_wconf 83' lang='lat' dir='ltr'><em>Caesar)</em></span> <span class='ocrx_word' id='word_1_258' title='bbox 1044 3327 1189 3410; x_wconf 84' lang='lat' dir='ltr'><em>quomodo</em></span> <span class='ocrx_word' id='word_1_259' title='bbox 1215 3316 1335 3410; x_wconf 77' lang='grc' dir='ltr'>γνώμην</span> <span class='ocrx_word' id='word_1_260' title='bbox 1359 3328 1503 3389; x_wconf 72' lang='lat' dir='ltr'><em>sollertius</em></span> 
     </span>
     <span class='ocr_line' id='line_1_27' title="bbox 251 3443 1503 3529; baseline 0.004 -26"><span class='ocrx_word' id='word_1_261' title='bbox 251 3443 409 3505; x_wconf 77' lang='lat' dir='ltr'><em>dilucidius</em></span> <span class='ocrx_word' id='word_1_262' title='bbox 429 3446 542 3507; x_wconf 67' lang='lat' dir='ltr'><em>meiius</em></span> <span class='ocrx_word' id='word_1_263' title='bbox 561 3446 683 3526; x_wconf 88' lang='lat' dir='ltr'><em>politius</em></span> <span class='ocrx_word' id='word_1_264' title='bbox 704 3447 823 3508; x_wconf 90' lang='lat' dir='ltr'><em>scribas.</em></span> <span class='ocrx_word' id='word_1_265' title='bbox 869 3449 908 3510; x_wconf 87' lang='grc'><em>58</em></span> <span class='ocrx_word' id='word_1_266' title='bbox 930 3448 1012 3509; x_wconf 87' lang='lat' dir='ltr'><em>mites</em></span> <span class='ocrx_word' id='word_1_267' title='bbox 1034 3469 1100 3508; x_wconf 87' lang='lat' dir='ltr'><em>eum</em></span> <span class='ocrx_word' id='word_1_268' title='bbox 1115 3447 1275 3529; x_wconf 31' lang='lat' dir='ltr'><em>,furacibus</em></span> <span class='ocrx_word' id='word_1_269' title='bbox 1297 3447 1417 3528; x_wconf 86' lang='lat' dir='ltr'><em>placidi</em></span> <span class='ocrx_word' id='word_1_270' title='bbox 1436 3469 1503 3508; x_wconf 88' lang='lat' dir='ltr'><em>eum</em></span> 
     </span>
     <span class='ocr_line' id='line_1_28' title="bbox 249 3563 1503 3647; baseline 0.004 -24"><span class='ocrx_word' id='word_1_271' title='bbox 249 3563 392 3635; x_wconf 87' lang='lat' dir='ltr'><em>uiolentis‚·</em></span> <span class='ocrx_word' id='word_1_272' title='bbox 415 3587 502 3647; x_wconf 81' lang='lat' dir='ltr'><em>qnom</em></span> <span class='ocrx_word' id='word_1_273' title='bbox 523 3566 657 3644; x_wconf 88' lang='lat' dir='ltr'><em>superbis</em></span> <span class='ocrx_word' id='word_1_274' title='bbox 678 3567 832 3640; x_wconf 87' lang='lat' dir='ltr'><em>moderati,</em></span> <span class='ocrx_word' id='word_1_275' title='bbox 855 3589 921 3628; x_wconf 86' lang='lat' dir='ltr'><em>curn</em></span> <span class='ocrx_word' id='word_1_276' title='bbox 943 3567 1107 3628; x_wconf 80' lang='lat' dir='ltr'><em>crudelibus</em></span> <span class='ocrx_word' id='word_1_277' title='bbox 1128 3567 1232 3628; x_wconf 87' lang='lat' dir='ltr'><em>timidi.</em></span> <span class='ocrx_word' id='word_1_278' title='bbox 1269 3569 1309 3630; x_wconf 83' lang='grc'><em>85</em></span> <span class='ocrx_word' id='word_1_279' title='bbox 1332 3579 1393 3628; x_wconf 90' lang='lat' dir='ltr'><em>tam</em></span> <span class='ocrx_word' id='word_1_280' title='bbox 1415 3590 1503 3629; x_wconf 80' lang='lat' dir='ltr'><em>cartes</em></span> 
     </span>
     <span class='ocr_line' id='line_1_29' title="bbox 247 3683 1500 3768; baseline 0.002 -26"><span class='ocrx_word' id='word_1_281' title='bbox 247 3683 414 3762; x_wconf 86' lang='lat' dir='ltr'><em>patritam</em></span> <span class='ocrx_word' id='word_1_282' title='bbox 440 3685 532 3746; x_wconf 88' lang='lat' dir='ltr'><em>dulcis</em></span> <span class='ocrx_word' id='word_1_283' title='bbox 553 3685 653 3759; x_wconf 89' lang='lat' dir='ltr'><em>matri,</em></span> <span class='ocrx_word' id='word_1_284' title='bbox 676 3695 737 3745; x_wconf 92' lang='lat' dir='ltr'><em>tam</em></span> <span class='ocrx_word' id='word_1_285' title='bbox 758 3694 873 3746; x_wconf 87' lang='lat' dir='ltr'><em>sanctus</em></span> <span class='ocrx_word' id='word_1_286' title='bbox 896 3686 983 3748; x_wconf 83' lang='lat' dir='ltr'><em>ucori</em></span> <span class='ocrx_word' id='word_1_287' title='bbox 1001 3697 1063 3748; x_wconf 81' lang='lat' dir='ltr'><em>tarn</em></span> <span class='ocrx_word' id='word_1_288' title='bbox 1078 3685 1178 3768; x_wconf 77' lang='lat' dir='ltr'><em>fratri</em></span> <span class='ocrx_word' id='word_1_289' title='bbox 1191 3685 1281 3746; x_wconf 67' lang='lat' dir='ltr'><em>boreus</em></span> <span class='ocrx_word' id='word_1_290' title='bbox 1303 3709 1337 3747; x_wconf 93' lang='lat' dir='ltr'><em>ac</em></span> <span class='ocrx_word' id='word_1_291' title='bbox 1352 3686 1500 3766; x_wconf 73' lang='lat' dir='ltr'><em>bercipuus.</em></span> 
     </span>
     <span class='ocr_line' id='line_1_30' title="bbox 251 3803 1502 3886; baseline 0.003 -22"><span class='ocrx_word' id='word_1_292' title='bbox 251 3804 310 3865; x_wconf 83' lang='grc'><em>227</em></span> <span class='ocrx_word' id='word_1_293' title='bbox 342 3803 447 3865; x_wconf 89' lang='lat' dir='ltr'><em>bellum</em></span> <span class='ocrx_word' id='word_1_294' title='bbox 476 3806 601 3866; x_wconf 84' lang='lat' dir='ltr'><em>indiutei</em></span> <span class='ocrx_word' id='word_1_295' title='bbox 628 3805 697 3865; x_wconf 90' lang='lat' dir='ltr'><em>luda</em></span> <span class='ocrx_word' id='word_1_296' title='bbox 728 3805 797 3881; x_wconf 91' lang='lat' dir='ltr'><em>otio,</em></span> <span class='ocrx_word' id='word_1_297' title='bbox 827 3806 954 3867; x_wconf 82' lang='lat' dir='ltr'><em>satietati</em></span> <span class='ocrx_word' id='word_1_298' title='bbox 981 3805 1137 3886; x_wconf 79' lang='lat' dir='ltr'><em>uoluptati3</em></span> <span class='ocrx_word' id='word_1_299' title='bbox 1164 3805 1297 3868; x_wconf 82' lang='lat' dir='ltr'><em>maxime</em></span> <span class='ocrx_word' id='word_1_300' title='bbox 1323 3823 1352 3884; x_wconf 91' lang='lat' dir='ltr'><em>p.</em></span> <span class='ocrx_word' id='word_1_301' title='bbox 1376 3807 1435 3867; x_wconf 92' lang='grc'><em>122</em></span> <span class='ocrx_word' id='word_1_302' title='bbox 1457 3822 1502 3884; x_wconf 88' lang='lat' dir='ltr'><em>sq.</em></span> 
     </span>
     <span class='ocr_line' id='line_1_31' title="bbox 250 3923 1502 4008; baseline 0.002 -26"><span class='ocrx_word' id='word_1_303' title='bbox 250 3943 284 3982; x_wconf 83' lang='lat' dir='ltr'><em>ea</em></span> <span class='ocrx_word' id='word_1_304' title='bbox 307 3923 507 4008; x_wconf 79' lang='lat' dir='ltr'><em>(eloquentia)</em></span> <span class='ocrx_word' id='word_1_305' title='bbox 535 3935 643 3986; x_wconf 88' lang='lat' dir='ltr'><em>metum</em></span> <span class='ocrx_word' id='word_1_306' title='bbox 670 3925 770 3986; x_wconf 87' lang='lat' dir='ltr'><em>incutit</em></span> <span class='ocrx_word' id='word_1_307' title='bbox 790 3947 922 3986; x_wconf 85' lang='lat' dir='ltr'><em>amorem</em></span> <span class='ocrx_word' id='word_1_308' title='bbox 951 3926 1094 3999; x_wconf 87' lang='lat' dir='ltr'><em>conciliat,</em></span> <span class='ocrx_word' id='word_1_309' title='bbox 1123 3925 1301 3986; x_wconf 81' lang='lat' dir='ltr'><em>industriam</em></span> <span class='ocrx_word' id='word_1_310' title='bbox 1327 3925 1433 3985; x_wconf 76' lang='lat' dir='ltr'><em>oscitat</em></span> <span class='ocrx_word' id='word_1_311' title='bbox 1454 3925 1502 3986; x_wconf 90' lang='lat' dir='ltr'><em>in-</em></span> 
     </span>
     <span class='ocr_line' id='line_1_32' title="bbox 245 4043 1503 4127; baseline 0.003 -25"><span class='ocrx_word' id='word_1_312' title='bbox 245 4043 424 4123; x_wconf 85' lang='lat' dir='ltr'><em>pudentiam</em></span> <span class='ocrx_word' id='word_1_313' title='bbox 449 4045 604 4126; x_wconf 66' lang='lat' dir='ltr'><em>eminuerit,</em></span> <span class='ocrx_word' id='word_1_314' title='bbox 636 4045 769 4107; x_wconf 66' lang='lat' dir='ltr'><em>circuens</em></span> <span class='ocrx_word' id='word_1_315' title='bbox 798 4045 969 4108; x_wconf 82' lang='lat' dir='ltr'><em>enitortatur</em></span> <span class='ocrx_word' id='word_1_316' title='bbox 996 4046 1065 4106; x_wconf 85' lang='lat' dir='ltr'><em>uitia</em></span> <span class='ocrx_word' id='word_1_317' title='bbox 1094 4045 1241 4127; x_wconf 77' lang='lat' dir='ltr'><em>confutat3</em></span> <span class='ocrx_word' id='word_1_318' title='bbox 1271 4045 1374 4107; x_wconf 87' lang='lat' dir='ltr'><em>suadet</em></span> <span class='ocrx_word' id='word_1_319' title='bbox 1399 4045 1503 4106; x_wconf 87' lang='lat' dir='ltr'><em>mulcet</em></span> 
     </span>
     <span class='ocr_line' id='line_1_33' title="bbox 252 4163 1502 4249; baseline 0.003 -25"><span class='ocrx_word' id='word_1_320' title='bbox 252 4163 332 4224; x_wconf 81' lang='lat' dir='ltr'><em>docet</em></span> <span class='ocrx_word' id='word_1_321' title='bbox 353 4163 518 4226; x_wconf 83' lang='lat' dir='ltr'><em>consolatur</em></span> <span class='ocrx_word' id='word_1_322' title='bbox 537 4164 681 4249; x_wconf 87' lang='lat' dir='ltr'><em>(tricalon</em></span> <span class='ocrx_word' id='word_1_323' title='bbox 705 4165 849 4228; x_wconf 87' lang='lat' dir='ltr'><em>binorum</em></span> <span class='ocrx_word' id='word_1_324' title='bbox 873 4169 1071 4243; x_wconf 86' lang='lat' dir='ltr'><em>commatum,</em></span> <span class='ocrx_word' id='word_1_325' title='bbox 1094 4167 1233 4246; x_wconf 87' lang='lat' dir='ltr'><em>sequitur</em></span> <span class='ocrx_word' id='word_1_326' title='bbox 1248 4165 1418 4229; x_wconf 83' lang='lat' dir='ltr'><em>tetracolon</em></span> <span class='ocrx_word' id='word_1_327' title='bbox 1440 4165 1502 4229; x_wconf 91' lang='lat' dir='ltr'><em>dis-</em></span> 
     </span>
    </p>
   </div>
   <div class='ocr_carea' id='block_1_5' title="bbox 251 4346 1504 4852">
    <p class='ocr_par' dir='ltr' id='par_1_5' title="bbox 251 4346 1504 4504">
     <span class='ocr_line' id='line_1_34' title="bbox 374 4346 1504 4416; baseline -0.003 -18"><span class='ocrx_word' id='word_1_328' title='bbox 374 4350 400 4410; x_wconf 86' lang='lat'><em>1)</em></span> <span class='ocrx_word' id='word_1_329' title='bbox 420 4346 452 4398; x_wconf 94' lang='lat' dir='ltr'><em>In</em></span> <span class='ocrx_word' id='word_1_330' title='bbox 470 4346 512 4398; x_wconf 89' lang='lat' dir='ltr'><em>his</em></span> <span class='ocrx_word' id='word_1_331' title='bbox 531 4347 615 4400; x_wconf 84' lang='lat' dir='ltr'><em>verbis</em></span> <span class='ocrx_word' id='word_1_332' title='bbox 633 4346 722 4414; x_wconf 88' lang='lat' dir='ltr'><em>(contr.</em></span> <span class='ocrx_word' id='word_1_333' title='bbox 737 4363 790 4400; x_wconf 81' lang='lat' dir='ltr'><em>exo.</em></span> <span class='ocrx_word' id='word_1_334' title='bbox 806 4349 859 4416; x_wconf 73' lang='lat' dir='ltr'><em>lp.</em></span> <span class='ocrx_word' id='word_1_335' title='bbox 874 4347 969 4410; x_wconf 88' lang='grc'>236,16</span> <span class='ocrx_word' id='word_1_336' title='bbox 984 4347 1029 4404; x_wconf 80' lang='grc' dir='ltr'><em>Μ.)</em></span> <span class='ocrx_word' id='word_1_337' title='bbox 1049 4349 1138 4408; x_wconf 84' lang='lat' dir='ltr'><em>nescis,</em></span> <span class='ocrx_word' id='word_1_338' title='bbox 1150 4347 1277 4412; x_wconf 78' lang='lat' dir='ltr'><em>ficriosius</em></span> <span class='ocrx_word' id='word_1_339' title='bbox 1291 4365 1390 4396; x_wconf 74' lang='lat' dir='ltr'><em>risorem</em></span> <span class='ocrx_word' id='word_1_340' title='bbox 1403 4347 1504 4396; x_wconf 76' lang='lat' dir='ltr'><em>duxerit</em></span> 
     </span>
     <span class='ocr_line' id='line_1_35' title="bbox 251 4431 1502 4504; baseline 0.003 -22"><span class='ocrx_word' id='word_1_341' title='bbox 251 4450 284 4482; x_wconf 89' lang='lat' dir='ltr'><em>an</em></span> <span class='ocrx_word' id='word_1_342' title='bbox 294 4433 414 4492; x_wconf 76' lang='lat' dir='ltr'><em>habuerit,</em></span> <span class='ocrx_word' id='word_1_343' title='bbox 427 4451 463 4483; x_wconf 83' lang='lat' dir='ltr'><em>ou</em></span> <span class='ocrx_word' id='word_1_344' title='bbox 477 4433 596 4483; x_wconf 82' lang='lat' dir='ltr'><em>dimiserit</em></span> <span class='ocrx_word' id='word_1_345' title='bbox 606 4451 638 4482; x_wconf 88' lang='lat' dir='ltr'><em>an</em></span> <span class='ocrx_word' id='word_1_346' title='bbox 651 4434 783 4483; x_wconf 86' lang='lat' dir='ltr'><em>collocarit</em></span> <span class='ocrx_word' id='word_1_347' title='bbox 791 4433 934 4486; x_wconf 79' lang='lat' dir='ltr'><em>secundum</em></span> <span class='ocrx_word' id='word_1_348' title='bbox 945 4451 977 4482; x_wconf 89' lang='lat' dir='ltr'><em>au</em></span> <span class='ocrx_word' id='word_1_349' title='bbox 988 4433 1048 4485; x_wconf 80' lang='lat' dir='ltr'><em>furt.</em></span> <span class='ocrx_word' id='word_1_350' title='bbox 1058 4431 1196 4484; x_wconf 81' lang='lat' dir='ltr'><em>dolendum</em></span> <span class='ocrx_word' id='word_1_351' title='bbox 1206 4437 1255 4495; x_wconf 83' lang='lat' dir='ltr'><em>est,</em></span> <span class='ocrx_word' id='word_1_352' title='bbox 1264 4433 1296 4487; x_wconf 83' lang='lat' dir='ltr'><em>cf.</em></span> <span class='ocrx_word' id='word_1_353' title='bbox 1305 4437 1393 4486; x_wconf 78' lang='lat' dir='ltr'><em>tamen</em></span> <span class='ocrx_word' id='word_1_354' title='bbox 1402 4451 1427 4504; x_wconf 93' lang='lat' dir='ltr'><em>p.</em></span> <span class='ocrx_word' id='word_1_355' title='bbox 1435 4435 1502 4496; x_wconf 86' lang='grc'><strong>54,4.</strong></span> 
     </span>
    </p>

    <p class='ocr_par' dir='ltr' id='par_1_6' title="bbox 253 4519 1504 4852">
     <span class='ocr_line' id='line_1_36' title="bbox 376 4519 1503 4589; baseline 0.001 -17"><span class='ocrx_word' id='word_1_356' title='bbox 376 4523 404 4585; x_wconf 84' lang='grc'><em>2)</em></span> <span class='ocrx_word' id='word_1_357' title='bbox 423 4519 498 4572; x_wconf 83' lang='lat' dir='ltr'><em>Inter</em></span> <span class='ocrx_word' id='word_1_358' title='bbox 516 4523 617 4573; x_wconf 84' lang='lat' dir='ltr'><em>eeteros</em></span> <span class='ocrx_word' id='word_1_359' title='bbox 635 4521 730 4587; x_wconf 88' lang='lat' dir='ltr'><em>prioris</em></span> <span class='ocrx_word' id='word_1_360' title='bbox 748 4519 804 4572; x_wconf 84' lang='lat' dir='ltr'><em>aevi</em></span> <span class='ocrx_word' id='word_1_361' title='bbox 824 4523 945 4572; x_wconf 82' lang='lat' dir='ltr'><em>auctores</em></span> <span class='ocrx_word' id='word_1_362' title='bbox 964 4519 1105 4572; x_wconf 80' lang='lat' dir='ltr'><em>Tacitus</em></span> <span class='ocrx_word' id='word_1_363' title='bbox 1123 4536 1283 4588; x_wconf 80' lang='lat' dir='ltr'><em>quemquam</em></span> <span class='ocrx_word' id='word_1_364' title='bbox 1297 4521 1404 4574; x_wconf 79' lang='lat' dir='ltr'><em>vocibus</em></span> <span class='ocrx_word' id='word_1_365' title='bbox 1417 4520 1503 4589; x_wconf 80' lang='lat' dir='ltr'><em>lepide</em></span> 
     </span>
     <span class='ocr_line' id='line_1_37' title="bbox 253 4605 1502 4676; baseline 0 -16"><span class='ocrx_word' id='word_1_366' title='bbox 253 4607 407 4674; x_wconf 87' lang='lat' dir='ltr'><em>compositis</em></span> <span class='ocrx_word' id='word_1_367' title='bbox 425 4607 580 4674; x_wconf 86' lang='lat' dir='ltr'><em>plerumque</em></span> <span class='ocrx_word' id='word_1_368' title='bbox 607 4605 748 4670; x_wconf 83' lang='lat' dir='ltr'><em>abstinuit,</em></span> <span class='ocrx_word' id='word_1_369' title='bbox 779 4605 935 4660; x_wconf 78' lang='lat' dir='ltr'><em>Sallustium</em></span> <span class='ocrx_word' id='word_1_370' title='bbox 953 4605 1047 4674; x_wconf 88' lang='lat' dir='ltr'><em>opinor</em></span> <span class='ocrx_word' id='word_1_371' title='bbox 1073 4609 1181 4660; x_wconf 86' lang='lat' dir='ltr'><em>secutus</em></span> <span class='ocrx_word' id='word_1_372' title='bbox 1199 4610 1328 4676; x_wconf 80' lang='lat' dir='ltr'><em>quaterno</em></span> <span class='ocrx_word' id='word_1_373' title='bbox 1355 4606 1426 4660; x_wconf 88' lang='lat' dir='ltr'><em>haud</em></span> <span class='ocrx_word' id='word_1_374' title='bbox 1443 4623 1502 4660; x_wconf 85' lang='lat' dir='ltr'><em>raro</em></span> 
     </span>
     <span class='ocr_line' id='line_1_38' title="bbox 253 4691 1504 4762; baseline 0 -18"><span class='ocrx_word' id='word_1_375' title='bbox 253 4691 382 4746; x_wconf 79' lang='lat' dir='ltr'><em>vocabula</em></span> <span class='ocrx_word' id='word_1_376' title='bbox 401 4692 528 4746; x_wconf 75' lang='lat' dir='ltr'><em>dissolute</em></span> <span class='ocrx_word' id='word_1_377' title='bbox 550 4693 627 4762; x_wconf 80' lang='lat' dir='ltr'><em>ponit</em></span> <span class='ocrx_word' id='word_1_378' title='bbox 644 4695 675 4744; x_wconf 86' lang='lat' dir='ltr'><em>ut</em></span> <span class='ocrx_word' id='word_1_379' title='bbox 701 4692 977 4759; x_wconf 86' lang='lat' dir='ltr'><em>bist.13suturarum</em></span> <span class='ocrx_word' id='word_1_380' title='bbox 1001 4695 1146 4758; x_wconf 79' lang='lat' dir='ltr'><em>praesaqia</em></span> <span class='ocrx_word' id='word_1_381' title='bbox 1174 4694 1242 4744; x_wconf 85' lang='lat' dir='ltr'><em>laeta</em></span> <span class='ocrx_word' id='word_1_382' title='bbox 1269 4694 1360 4754; x_wconf 83' lang='lat' dir='ltr'><em>tristia,</em></span> <span class='ocrx_word' id='word_1_383' title='bbox 1388 4695 1504 4759; x_wconf 79' lang='lat' dir='ltr'><em>ambiqua</em></span> 
     </span>
     <span class='ocr_line' id='line_1_39' title="bbox 256 4779 1055 4852; baseline -0.003 -21"><span class='ocrx_word' id='word_1_384' title='bbox 256 4779 396 4846; x_wconf 64' lang='lat' dir='ltr'><em>iconisma.</em></span> <span class='ocrx_word' id='word_1_385' title='bbox 433 4797 490 4831; x_wconf 87' lang='lat' dir='ltr'><em>ann.</em></span> <span class='ocrx_word' id='word_1_386' title='bbox 509 4780 538 4834; x_wconf 86' lang='grc' dir='ltr'><em>ΙΙ</em></span> <span class='ocrx_word' id='word_1_387' title='bbox 557 4781 589 4840; x_wconf 86' lang='grc'><em>19</em></span> <span class='ocrx_word' id='word_1_388' title='bbox 604 4780 693 4849; x_wconf 81' lang='lat' dir='ltr'><em>plebes</em></span> <span class='ocrx_word' id='word_1_389' title='bbox 708 4780 839 4852; x_wconf 80' lang='lat' dir='ltr'><em>primores,</em></span> <span class='ocrx_word' id='word_1_390' title='bbox 858 4782 957 4832; x_wconf 79' lang='lat' dir='ltr'><em>iuvenes</em></span> <span class='ocrx_word' id='word_1_391' title='bbox 974 4798 1055 4831; x_wconf 78' lang='lat' dir='ltr'><em>senes.</em></span> 
     </span>
    </p>
   </div>
   <div class='ocr_carea' id='block_1_6' title="bbox 0 0 1710 5408">
    <p class='ocr_par' dir='ltr' id='par_1_7' title="bbox 0 0 1710 5408">
     <span class='ocr_line' id='line_1_40' title="bbox 0 0 1710 5408; baseline 0 0"><span class='ocrx_word' id='word_1_392' title='bbox 0 0 1710 5408; x_wconf 95' lang='lat' dir='ltr'><em> </em></span> 
     </span>
    </p>
   </div>
  </div>
 </body>
</html>
