3410 5408
759 391 1017 513 -m'

230 597 397 679 disputata.
447 601 532 664 idem
561 603 593 665 in
622 603 802 668 laudatione
831 604 969 683 funebri,
1007 622 1100 685 quam
1136 606 1258 684 partem
1293 620 1363 665 esse
1393 599 1492 664 voluit

229 717 394 782 Menexeni
416 720 532 802 dialogi
556 761 593 768 ·-
617 741 689 786 eum
720 725 803 788 enim
832 725 973 788 Platonis
1004 743 1075 788 esse
1104 722 1180 786 mihi
1209 721 1419 802 persuadetur
1452 757 1491 796 -ι,

229 855 291 917 qua
313 839 362 902 sui
384 842 535 920 temporis
557 841 699 908 rhetores
722 846 812 926 quasi
833 864 890 926 per
912 843 1139 908 cavillationem
1162 842 1337 907 aemulatus
1368 840 1492 904 dicendi

228 957 381 1023 lenocinia
411 959 528 1025 affatim
559 963 715 1042 adhibuit,
746 965 873 1029 insolita
902 965 991 1030 verbi
1019 962 1121 1028 forma
1151 963 1198 1026 uti
1227 981 1322 1043 quam
1355 959 1490 1041 figuram

229 1077 363 1156 perdere
385 1081 508 1144 maluit:
536 1084 633 1147 236E
664 1080 744 1158 ὅστις
773 1077 888 1170 (λόγος)
917 1080 989 1160 τοὺς
1018 1083 1071 1169 μὲν
1099 1073 1357 1155 τετελευτηκότας
1384 1083 1493 1152 ἱκανῶς

230 1196 424 1278 ἐπαινέσεται,
453 1209 509 1273 τοῖς
538 1192 572 1262 δὲ
600 1193 690 1274 ζῶσιν
712 1203 842 1288 εὐμενῶς
870 1203 1151 1290 παραινέσεται;
1182 1207 1267 1264 recle
1296 1197 1491 1276 ἐπαινέσεται,

232 1316 288 1380 sed
311 1320 529 1404 παραινέσεται,
551 1327 587 1384 ut
601 1322 753 1386 adnotant
767 1325 820 1404 qui
835 1325 1003 1387 verborum
1019 1322 1137 1387 formas
1153 1321 1354 1401 collegerunt,
1367 1323 1492 1400 practer

231 1433 394 1500 Platonem
412 1441 465 1518 qui
481 1441 593 1505 dixerit
613 1460 706 1504 nemo
728 1442 894 1507 iuvenitur.
938 1443 1034 1508 idem
1051 1443 1188 1524 (Menon.
1199 1460 1228 1522 p.
1242 1440 1330 1521 lbD)
1343 1439 1397 1502 ubi
1413 1438 1492 1502 Gor-

234 1555 315 1635 giam
334 1563 461 1622 secutus
480 1597 508 1604 —
534 1559 640 1624 confer
655 1561 738 1624 enim
762 1563 990 1626 nobilissimam
1006 1561 1118 1626 Dilesii
1138 1560 1381 1640 disputationem
1404 1563 1492 1620 nunt.

232 1675 335 1739 Berol.
363 1677 403 1759 (a
428 1679 523 1762 1884)
552 1698 582 1760 p.
604 1683 665 1744 346
689 1699 755 1762 sqq.
781 1721 813 1727 ἡ
846 1681 1059 1746 definitionem
1087 1680 1230 1744 adhibuit
1257 1677 1492 1757 circumscripto

230 1796 397 1860 verborum
435 1799 556 1862 ambitu
596 1807 777 1882 conceptam
816 1806 895 1864 ἐ’στιν
935 1795 1012 1889 χρόα
1052 1795 1181 1887 ἀπορροὴ
1220 1789 1387 1884 σχημάτων
1424 1793 1492 1881 ὄψει

232 1905 397 2002 σύμμετρος
418 1920 468 1980 καὶ
488 1910 664 1998 αἰσβετός,
686 1928 810 2002 praeter
833 1939 952 1984 morem
969 1921 1174 1985 masculinam
1191 1919 1335 1983 adiectivi
1357 1917 1491 1982 formam

233 2037 404 2116 usurpavit,
425 2057 555 2118 prorsus
578 2045 614 2102 ut
635 2039 667 2102 in
683 2041 777 2104 simili
792 2059 826 2104 re
849 2041 1104 2118 Aristoteles,
1128 2059 1220 2120 quem
1241 2039 1380 2103 Dilesius
1402 2037 1493 2102 affert

230 2154 250 2218 l.
273 2174 298 2218 e.
320 2174 350 2235 p.
371 2159 472 2234 348,1,
500 2157 579 2221 anal.
602 2163 683 2239 post.
706 2159 792 2223 Aah.
815 2162 930 2224 872136
961 2154 1052 2244 μονὰς
1075 2157 1159 2221 οὐσία
1180 2153 1301 2236 ἄθετος,
1323 2151 1434 2242 στιγμοίΙ
1457 2149 1493 2218 δὲ

231 2272 316 2336 οὐσία
337 2267 439 2353 θετὸς,
462 2297 535 2340 nam
558 2269 652 2352 θετός
672 2279 704 2342 in
728 2277 877 2342 feminino
901 2297 1016 2360 genere
1039 2279 1125 2342 solus
1149 2279 1225 2341 dixit
1239 2277 1408 2357 Euripides
1423 2276 1492 2357 Iph.

231 2393 270 2457 A.
285 2413 313 2457 ν.
329 2397 399 2458 251.
437 2413 473 2458 ex
496 2395 683 2460 Isocratis
705 2397 769 2477 qui
787 2395 884 2460 lalso
908 2396 1051 2460 dicitur
1068 2396 1209 2458 oratione
1226 2397 1266 2460 ad
1282 2396 1490 2460 Demonicum

230 2513 307 2578 haec
330 2514 393 2577 duo
417 2515 558 2596 exempla
580 2515 685 2580 afferri
705 2516 797 2580 video
819 2535 838 2579 a
860 2515 1017 2579 Blassio
1040 2515 1145 2596 operis
1168 2515 1207 2578 de
1227 2515 1404 2578 Atticorum
1429 2515 1491 2578 elo·

232 2634 358 2714 quentia
389 2634 497 2714 scripti
526 2635 586 2698 vol.
608 2635 642 2699 Il
665 2655 695 2716 p.
718 2639 778 2699 282
803 2636 863 2718 (ed.
886 2636 948 2719 ΙΙ);
980 2638 1019 2698 52
1049 2633 1147 2721 ὥσπερ
1169 2629 1225 2721 γὰρ
1252 2629 1308 2704 τ’),ν
1337 2633 1492 2718 μέλατταν

232 2748 347 2839 όρῶμεν
368 2752 410 2841 ἐρ’
439 2752 560 2818 ἅπαντα
583 2754 635 2842 μὲν
657 2750 698 2818 τὰ
721 2747 923 2840 βλαστήματα
955 2747 1202 2833 καθίζουσαν,
1230 2751 1278 2840 ἀφ’
1307 2745 1435 2816 ἑκάστου
1458 2747 1493 2814 δὲ

231 2867 272 2934 τὰ
295 2875 441 2954 βέλτιστα
462 2869 682 2961 λαμβάνουσαν,
706 2873 787 2938 οὕτω
803 2869 911 2938 δεῖκαὶ
925 2871 995 2950 τοὺς
1009 2868 1145 2949 παιδείας
1160 2873 1353 2960 ὀρεγομένους
1367 2865 1493 2958 μηδενός

233 2989 285 3074 μὲν
314 2991 439 3080 ἀπείρως
468 2997 554 3078 ἔχειν,
584 2987 780 3080 πανταχόθεν
809 2992 843 3056 δὲ
868 2991 908 3056 τα
935 2988 1067 3082 χρήσιμα
1096 2995 1258 3080 συλλέγειν,
1285 3012 1357 3057 nant
1388 2983 1493 3067 ἱζάνειν

231 3111 363 3175 verbum
387 3131 424 3176 ex
446 3115 560 3178 Atticis
582 3134 694 3195 prosae
718 3117 868 3180 orationis
892 3117 1095 3196 scriptoribus
1124 3121 1248 3197 praeter
1270 3115 1492 3196 Thucydidem,

233 3233 366 3296 obsoleti
389 3237 545 3300 sermonis
573 3235 793 3314 affectatorem,
816 3255 910 3300 nemo
938 3237 1094 3314 adhibuit;
1124 3237 1240 3300 ibidem
1264 3237 1331 3318 (44)
1359 3229 1414 3304 τίον
1441 3232 1494 3319 μὲν

231 3348 287 3440 γὰρ
309 3345 428 3416 τούτων
448 3357 548 3442 χρείαν
570 3349 677 3444 ρἀδίως
700 3347 877 3432 εἰδήσεις,
899 3351 953 3418 τόν
975 3349 1009 3418 δὲ
1032 3354 1094 3441 μετ’
1123 3354 1235 3430 εὐνοίας
1251 3345 1493 3440 συμβουλεύοντα

233 3478 377 3558 χαλεπῶς
407 3467 544 3562 septem,
576 3495 766 3558 quamquam
802 3476 855 3538 illa
888 3476 976 3539 verbi
1010 3474 1112 3538 forma
1140 3475 1213 3539 iude
1243 3476 1282 3539 ab
1313 3473 1493 3538 Aristotelis

231 3595 428 3676 temporibus
450 3597 622 3660 increbruit
637 3595 730 3678 (coni.
745 3597 839 3660 etiam
859 3599 919 3678 16).
963 3615 1000 3660 ex
1015 3597 1289 3672 Demosthene,
1310 3613 1402 3675 quem
1418 3613 1494 3675 prae

232 3715 386 3778 sermonis
402 3715 554 3795 gravitate
576 3735 612 3779 ac
629 3716 781 3796 dignitate
797 3715 873 3778 artis
890 3716 1128 3778 ostentationem
1146 3715 1350 3794 putidamque
1371 3713 1494 3777 dicendi

232 3832 419 3914 elegantiam
443 3836 600 3915 sprevisse
633 3842 762 3914 constat,
784 3835 870 3899 haud
900 3835 998 3898 multa
1027 3834 1169 3915 exempla
1199 3853 1358 3915 congeras,
1389 3831 1494 3897 confer

233 3957 338 4015 iamet]
366 3971 410 4016 Or.
433 3957 503 4031 6,18
532 3946 688 4041 ἀμφότερα
719 3949 768 4017 οὖν
802 3948 873 4033 οἶδε,
903 3955 953 4016 καὶ
975 3949 1066 4016 αὐτόν
1096 3949 1163 4038 ὑμῖν
1189 3945 1420 4034 ἐπιβουλεύοντα
1445 3953 1495 4014 καὶ

233 4067 310 4156 ὑμᾶς
332 4075 536 4159 αἰσθομένους,
559 4075 613 4138 ubi
635 4075 770 4138 debebat
785 4070 876 4148 αὐτὸς
895 4069 961 4160 ὑμῖν
980 4065 1187 4156 ἐπιβουλεύων,
1203 4073 1274 4137 vide
1297 4073 1390 4136 etiam
1414 4071 1495 4136 Reh-

234 4193 395 4258 dantzium
427 4203 458 4258 et
489 4196 645 4260 Blossium
680 4197 792 4260 indicis
822 4195 1058 4260 Demosthenici
1089 4194 1234 4258 rhetorici
1265 4212 1360 4274 opera
1396 4193 1495 4255 utilis-

233 4313 313 4377 sima
334 4316 499 4395 compositi
521 4336 551 4397 p.
573 4318 631 4379 121
656 4317 717 4397 (ed.
733 4317 788 4399 ΙΙ).
812 4354 850 4364 -
874 4317 1057 4397 posterioris
1079 4316 1190 4380 aetatis
1211 4314 1379 4394 scriptores
1394 4311 1495 4375 brevi-

233 4434 306 4498 tatis
323 4453 418 4499 causa
432 4442 605 4516 praetereo,
627 4455 816 4518 quamquam
833 4437 968 4518 plurima
990 4437 1132 4500 eiusdem
1156 4436 1202 4499 rei
1217 4433 1359 4514 exempla
1382 4450 1495 4513 suppe-

235 4555 336 4618 ditant
347 4558 383 4638 ¹):
415 4555 551 4636 Gorgiae
578 4556 660 4619 enim
688 4555 898 4636 Isocratisque
928 4555 1054 4636 figuras,
1085 4573 1147 4634 quo
1172 4555 1272 4634 inagis
1299 4551 1495 4616 saeculorum

237 4680 447 4688 ——m--ss

360 4728 389 4794 1)
407 4728 496 4783 Unum
526 4727 668 4781 nominabo
696 4727 874 4781 Plutarchum
899 4728 1007 4782 Atticae
1036 4727 1175 4781 l'aeundiae
1201 4727 1288 4796 lepore
1307 4726 1403 4780 ceteris
1421 4741 1496 4794 prae·

246 4816 371 4890 steptem.
399 4831 461 4887 narn
475 4815 503 4868 in
521 4815 610 4886 libello
626 4815 810 4884 urbanissimo,
829 4833 880 4886 quo
898 4818 998 4897 septem
1012 4814 1173 4894 sapientium
1186 4814 1334 4875 convitium
1350 4815 1497 4878 enarratur,
