3410 5408
858 383 896 446 16

773 473 982 480 -..—

247 561 376 625 editum.
419 580 477 626 nos
499 565 597 644 nigris
619 565 683 629 illis
707 565 886 630 hominibus
909 572 941 630 et
961 568 1102 632 berberis
1125 574 1161 633 ut
1182 570 1358 634 litterarum
1380 571 1509 634 artium·

248 699 308 762 que
325 681 515 762 optimarum
537 684 691 764 imperitis
714 705 750 749 ac
772 685 913 766 profanis
935 707 954 750 a
975 689 1093 753 nostris
1115 689 1242 770 quidem
1266 689 1379 754 studiis
1400 689 1510 770 procul

246 803 358 866 abesse
380 807 411 866 et
429 802 461 864 in
477 803 682 882 penitissimis
706 803 843 886 Syrtium
868 825 996 870 suarum
1024 809 1202 873 recessibus
1229 817 1297 873 arte
1320 813 1350 873 et
1374 809 1510 890 graviter

248 921 385 985 dormire
417 921 513 985 iussis
545 921 756 988 Horatianum
790 925 869 988 illud
901 927 992 1007 quasi
1029 945 1066 990 ex
1096 929 1222 994 oraculo
1251 925 1380 993 effatum
1412 929 1511 992 secuti

246 1060 359 1123 graeca
386 1043 549 1107 volvamus
572 1045 769 1125 exemplaria,
792 1063 873 1126 quae
896 1047 924 1110 si
946 1047 1016 1127 quis
1040 1047 1073 1111 in
1101 1047 1207 1112 latinis
1235 1049 1348 1112 litteris
1368 1053 1511 1113 versatus

246 1163 338 1245 quasi
357 1163 460 1228 aliena
483 1163 639 1246 longeque
661 1171 783 1229 remota
805 1170 934 1246 spernet
959 1185 996 1230 ac
1018 1173 1154 1248 respuet,
1178 1169 1254 1233 dum
1277 1187 1369 1234 cacco
1391 1168 1510 1250 praeci-

247 1283 368 1362 pitatur
389 1283 519 1365 impetu,
541 1303 713 1365 numquam
736 1303 799 1348 non
822 1285 931 1366 lapsus
952 1286 1088 1368 turpiter
1110 1294 1244 1354 corruet.

376 1406 402 1467 1.
435 1403 624 1467 Primarium
648 1405 797 1469 orationis
820 1423 896 1470 suae
917 1411 1094 1492 χαρακτῆρα
1116 1409 1273 1474 Minucius
1294 1409 1363 1490 ipse
1385 1409 1512 1487 indicat,

247 1543 319 1588 cum
343 1524 512 1590 Caecilium
534 1523 566 1586 in
585 1526 785 1603 peroratione
810 1526 870 1589 sibi
892 1525 997 1607 ipsum
1019 1527 1170 1609 plaudere
1192 1525 1267 1592 lacit
1286 1534 1415 1610 propter
1436 1551 1511 1591 rou-

245 1647 448 1709 cinnitatem
480 1645 622 1706 sunnonis
658 1645 811 1729 (ο.14,2).
862 1646 1033 1710 concinnus
1069 1665 1173 1711 sermo
1209 1649 1263 1728 qui
1297 1649 1346 1726 sit,
1373 1649 1511 1730 optimus

246 1765 358 1830 harum
380 1783 485 1830 rerum
508 1764 601 1828 iudex
624 1764 669 1828 sic
691 1765 826 1846 exponit,
849 1784 920 1829 cum
949 1766 988 1830 de
1013 1759 1127 1847 genere
1150 1767 1301 1831 orationis
1317 1768 1511 1832 demonstra-

246 1885 311 1949 tivo
335 1885 450 1950 scribat
473 1887 529 1966 (or.
554 1887 623 1968 38):
646 1886 737 1947 datur
757 1887 845 1947 etiam
874 1887 958 1948 uenia
988 1888 1226 1949 concinnitati
1253 1889 1466 1950 sententiarum
1487 1897 1514 1950 et

246 2006 373 2088 arpnti
393 2005 554 2088 certique
575 2016 606 2068 et
628 2005 906 2087 circumscripti
920 2007 1108 2068 veriorum
1126 2009 1289 2070 ambitus
1304 2007 1510 2082 conceduntur,

246 2125 283 2188 de
304 2125 509 2210 industriaque
537 2134 563 2186 et
584 2146 643 2185 non
665 2145 701 2186 en
722 2125 837 2186 insidiis
865 2125 917 2188 sed
946 2135 1048 2206 aperte
1079 2148 1115 2188 ac
1134 2127 1245 2208 palam
1270 2127 1450 2202 elaboratur,
1480 2137 1512 2188 ut

244 2244 352 2306 uerba
383 2244 501 2306 variis
533 2245 639 2328 quusi
669 2245 839 2308 demensa
872 2255 903 2306 et
925 2245 1041 2326 paria
1072 2246 1287 2326 respondeant,
1320 2259 1352 2309 ut
1383 2248 1511 2311 crebro

244 2365 490 2449 conferantur
510 2365 723 2445 pupae-ntia
756 2375 1022 2448 comparenturque
1048 2366 1217 2447 contraria,
1246 2375 1273 2427 et
1302 2377 1334 2427 ut
1358 2369 1512 2448 pariter

245 2497 408 2549 entrema
429 2485 671 2548 terminentur
693 2483 918 2567 eundemque
940 2485 1109 2568 referant
1129 2484 1165 2546 in
1184 2485 1348 2549 cadendo
1377 2509 1509 2550 sonum.

245 2606 335 2670 cuius
364 2605 440 2668 artis
473 2601 606 2683 quodvis
633 2602 763 2666 Minucii
796 2603 992 2666 enuntiatum
1027 2602 1170 2685 exempla
1201 2603 1331 2684 praebet
1367 2606 1509 2670 omnium

244 2725 502 2801 luculentissima,
515 2723 590 2805 quin
606 2723 735 2786 modum
753 2741 789 2786 ea
804 2723 836 2786 in
852 2741 886 2787 re
903 2725 947 2788 ita
962 2725 1089 2801 excedit,
1105 2729 1141 2788 ut
1155 2724 1269 2788 circino
1286 2729 1318 2788 et
1333 2725 1443 2806 regula
1456 2725 1510 2790 ad·

243 2847 337 2910 motis
354 2849 464 2908 noctes
479 2843 609 2923 diesque
625 2843 702 2906 nihil
717 2843 783 2907 fere
799 2843 884 2908 aliud
901 2863 974 2908 eum
991 2845 1094 2925 egisse
1112 2845 1279 2923 existimes
1291 2847 1352 2910 nisi
1367 2852 1403 2910 ut
1413 2846 1509 2911 verba

245 2970 386 3031 tornaret
407 2963 625 3044 derigeretque
649 2965 829 3029 sententias.
872 2985 935 3046 qua
957 2965 989 3028 in
1012 2983 1046 3028 re
1068 2983 1148 3046 quos
1164 2970 1292 3029 secutus
1307 2967 1349 3030 sit
1365 2971 1510 3030 auctores

244 3086 403 3149 neminem
425 3082 506 3164 fugit
527 3084 604 3147 artis
625 3085 771 3165 peritum,
794 3089 889 3165 atque
912 3085 1023 3149 Cicero
1045 3085 1114 3165 ipse
1135 3085 1247 3150 harum
1269 3085 1441 3166 figuramm
1463 3085 1509 3148 in·

244 3210 391 3270 ventores
406 3204 481 3268 dicit
496 3203 761 3285 Thrasymachum
779 3205 928 3286 Gorgiam
944 3205 1154 3268 Isocratem
1176 3205 1255 3270 alios
1272 3224 1351 3287 quos
1365 3197 1509 3290 λογοδαι-

245 3317 355 3400 δάλους
376 3326 408 3388 in
431 3324 575 3388 Phaedro
598 3326 740 3389 nominat
761 3325 863 3389 Plato.
907 3325 963 3389 scd
984 3325 1060 3406 quid
1081 3325 1114 3389 hi
1134 3326 1173 3390 ad
1193 3323 1387 3390 Minucium?
1421 3340 1509 3404 grae·

245 3464 353 3510 corum
386 3446 439 3510 adi
472 3445 540 3509 eius
574 3445 686 3510 aetatis
719 3451 882 3510 anctorum
916 3446 1032 3527 scripta
1064 3452 1101 3510 ut
1133 3446 1327 3522 Polemonia,
1360 3443 1507 3507 Herodis,

243 3565 375 3630 Adriani
397 3565 608 3647 sophistarum
637 3565 888 3644 declamationes
911 3565 1094 3630 Philostrati
1115 3567 1185 3648 lege
1211 3567 1292 3632 vitas
1315 3569 1347 3628 et
1373 3563 1506 3644 quaein

243 3686 292 3750 his
321 3685 495 3750 afferuntur
527 3686 689 3750 rhetorum
722 3684 914 3766 fragmenta:
946 3691 1088 3750 veterum
1126 3686 1337 3768 sophistarum
1366 3683 1507 3765 germina

244 3808 398 3871 consimili
420 3809 452 3871 in
473 3827 550 3888 agro
572 3805 732 3870 luxuriose
754 3805 926 3885 pullulasse
948 3812 980 3868 et
993 3825 1013 3869 a
1028 3807 1148 3886 graecis
1163 3805 1203 3870 ad
1223 3805 1338 3870 latinos
1353 3808 1506 3880 auctores

242 3928 341 3992 veluti
362 3927 535 3992 Minucium
557 3926 749 4008 Appuleium
772 3925 1009 4004 Tertullianum,
1032 3931 1206 4007 propagata
1228 3944 1298 3990 esse
1325 3941 1505 4006 cognosces

244 4048 374 4113 Minucii
393 4049 492 4129 igitur
515 4065 615 4128 genus
638 4047 796 4110 scribendi
819 4046 873 4127 qui
888 4051 973 4110 recte
990 4046 1177 4124 aestimabit,
1200 4046 1227 4110 is
1242 4046 1274 4109 in
1289 4044 1415 4108 illorum
1432 4061 1504 4107 eum

243 4173 341 4250 ponet
357 4169 546 4250 scriptorum
558 4187 699 4246 numero,
711 4187 790 4250 quos
802 4168 895 4248 paulo
913 4171 985 4230 ante
997 4167 1127 4231 Minucii
1138 4173 1281 4248 tempora
1294 4165 1505 4243 Quintilianus

243 4291 275 4354 in
296 4289 386 4353 libris
407 4289 641 4353 institutionum
667 4288 873 4352 oratoriarum
896 4290 1025 4366 propter
1047 4286 1179 4350 nimium
1196 4288 1351 4351 sermonis
1369 4287 1504 4350 nitorem

243 4408 448 4490 putidamque
471 4408 658 4489 elegantiam
682 4408 861 4488 castigarat:
883 4416 960 4482 aunt,
974 4407 1076 4488 inquit
1090 4407 1151 4489 (IX
1163 4409 1191 4484 3,
1206 4408 1288 4490 100),
1310 4407 1363 4490 qui
1379 4405 1504 4488 ueplerto

242 4552 344 4592 rerum
361 4531 497 4610 pondere
518 4539 544 4591 et
565 4529 675 4591 uiribus
696 4530 915 4601 sententiarum,
938 4528 965 4588 si
982 4527 1025 4589 ad
1042 4528 1146 4589 inania
1167 4527 1256 4589 uer’ha
1277 4528 1309 4587 in
1330 4525 1382 4588 hos
1402 4525 1505 4588 modos

244 4650 457 4730 depravarunt,
473 4671 601 4711 suramos
618 4672 647 4710 se
668 4650 795 4711 iudicent
817 4648 946 4732 artifices
967 4647 1089 4730 ideoque
1102 4670 1161 4709 non
1173 4647 1308 4708 desinont
1322 4667 1371 4708 eas
1384 4655 1504 4723 nectere,

244 4791 318 4852 qrras
339 4770 400 4830 sine
421 4769 582 4830 assistentia
611 4769 718 4829 sectari
742 4779 803 4828 tant
830 4777 870 4828 est
897 4766 1056 4827 ridiculum
1082 4789 1174 4851 quarn
1203 4787 1344 4849 qrruerere
1372 4765 1504 4826 ltabiturn
