3410 5408
205 586 286 631 sam:
309 585 371 648 quo
394 568 495 650 magis
516 588 575 633 nos
604 590 647 637 ne
670 575 780 638 codem
804 592 910 638 errore
935 573 1146 655 impediamur
1173 573 1362 652 cavebimus,
1387 593 1467 655 quae

204 707 279 752 sane
306 688 418 769 exigua
446 695 495 755 est
516 691 586 755 laus
607 713 683 775 prae
705 695 807 776 primo
833 695 1004 772 inventore,
1032 695 1085 776 qui
1114 695 1184 776 ipso
1211 695 1338 760 invento
1365 695 1466 760 laetus

203 807 236 872 ln
259 808 350 873 devia
371 813 466 890 atque
488 812 622 894 abrupta
644 833 678 878 se
699 813 774 878 ferri
795 814 982 894 aliquotiens
997 833 1110 894 passus
1133 819 1189 878 est
1232 832 1366 895 magnus
1382 815 1466 878 enim

202 928 381 993 mehercule
403 931 538 1012 scriptor
560 938 609 997 est
622 933 835 998 Tertullianus
856 939 1006 1016 tantoque
1028 953 1110 999 nova
1126 933 1321 1015 excogitandi
1340 933 1466 1014 ingenio

202 1048 374 1128 praeditus
389 1055 425 1115 ut
439 1071 459 1115 a
473 1052 596 1117 misello
620 1054 809 1134 compilandi
829 1056 957 1135 negotio
977 1055 1092 1118 mirum
1112 1058 1264 1135 quantum
1280 1054 1322 1118 sit
1335 1053 1466 1117 alienus

204 1166 360 1232 eiusmodi
381 1169 522 1250 profecto
546 1173 689 1255 scriptor,
712 1175 771 1238 etsi
793 1193 886 1256 quem
909 1175 1003 1239 habet
1025 1179 1185 1239 auctorem
1208 1173 1299 1238 cuius
1315 1177 1464 1253 sequatur

203 1287 391 1368 exemplum,
421 1296 525 1356 tamen
552 1310 593 1356 ne
622 1294 757 1374 turpiter
784 1297 874 1361 cadat
900 1297 1025 1378 ingenio
1052 1295 1121 1376 ipso
1153 1293 1371 1375 cogitandique
1399 1293 1465 1357 acie

204 1407 333 1472 cavebit
377 1410 434 1475 sed
456 1412 549 1489 enim,
569 1417 605 1476 ut
627 1419 676 1477 est
698 1414 812 1478 ardens
835 1416 891 1494 vir,
910 1415 1031 1497 ingenti
1053 1414 1188 1495 quodam
1218 1413 1315 1477 animi
1342 1411 1466 1476 fervore

204 1533 323 1609 captus
346 1549 440 1610 quem
471 1533 594 1615 peperit
622 1531 804 1614 indignatio,
835 1535 968 1616 singulis
997 1535 1181 1615 pusillisque
1210 1532 1361 1614 neglectis
1391 1532 1466 1596 dum

203 1648 381 1714 vehementi
402 1649 502 1718 fertur
523 1653 644 1734 impetu
667 1654 878 1736 torrentisque
900 1655 999 1719 instar
1021 1657 1103 1737 rapit
1126 1673 1231 1720 secum
1248 1654 1388 1735 legentes
1404 1669 1467 1715 non

203 1771 298 1848 ducit,
324 1771 513 1852 aliquotiens
544 1773 571 1836 si
598 1774 703 1838 minus
726 1776 838 1840 cecidit
866 1781 899 1840 at
927 1775 991 1840 labi
1021 1795 1055 1840 se
1085 1795 1200 1858 passus
1222 1778 1283 1838 est:
1312 1773 1397 1854 quod
1427 1790 1468 1835 ne

202 1909 414 1973 praepropere
437 1898 622 1970 statuamus
645 1914 739 1976 quam
761 1895 1000 1977 diligentissime
1022 1896 1194 1960 videndum
1218 1895 1285 1958 erit

331 2014 436 2094 Atque
460 2014 680 2096 gravissimum
704 2015 831 2095 quidem
855 2016 888 2080 id
911 2020 967 2092 est,
990 2016 1074 2097 quod
1090 2015 1227 2079 Ebertus
1243 2012 1387 2094 exposuit
1407 2011 1427 2074 l.
1443 2029 1468 2074 c.

203 2151 233 2213 p.
256 2134 317 2196 369
340 2151 407 2214 sqq.
461 2133 619 2198 Minucius
649 2135 733 2198 enim
760 2154 785 2199 c.
807 2138 887 2213 21,4,
916 2139 952 2199 ut
981 2134 1152 2199 Saturnum
1181 2134 1340 2198 hominem
1370 2130 1469 2194 fuisse

205 2251 408 2332 demonstret,
430 2260 576 2319 auctores
598 2252 690 2318 affert
714 2251 859 2337 Nepotem
882 2267 907 2318 et
931 2256 1092 2318 Cossium
1119 2257 1154 2316 in
1176 2253 1346 2328 lateraria,
1377 2249 1468 2312 'l'lrul-

203 2371 265 2432 lum
283 2383 309 2434 et
324 2372 514 2438 Diodorum:
536 2374 748 2439 Tertullianus
763 2376 938 2458 apologetici
952 2394 977 2439 c.
991 2377 1029 2439 10
1046 2374 1179 2456 singulis
1194 2373 1260 2438 iere
1277 2372 1381 2436 verbis
1397 2388 1468 2434 cum

204 2490 342 2555 Minucio
365 2511 542 2574 congruens
573 2495 715 2559 eiusdem
746 2497 920 2559 sententiae
949 2499 1093 2560 auctores
1126 2492 1228 2572 affert,
1258 2498 1294 2557 ut
1319 2493 1388 2572 ipse
1417 2489 1469 2567 ait,

204 2623 444 2678 commentatores
465 2616 674 2700 antiquitatum
697 2615 873 2679 Diodorum
896 2620 928 2678 et
949 2615 1094 2678 Thallum
1125 2633 1162 2678 ex
1185 2613 1322 2690 GraeciS,
1350 2629 1386 2674 ex
1409 2609 1470 2673 Ro·

204 2731 306 2795 manis
335 2733 506 2798 Cornelium
533 2733 682 2816 Nepotem
708 2747 734 2798 et
754 2737 925 2799 (Icarium
952 2736 1131 2798 Severum.
1182 2732 1339 2798 Minucius
1366 2732 1470 2812 igitur,

206 2871 396 2934 quamquam
417 2873 457 2919 ne
480 2853 609 2920 Cassius
630 2860 766 2918 orator
795 2853 848 2918 illc
877 2855 1112 2936 intellegeretur
1141 2855 1257 2919 additis
1287 2855 1318 2915 iu
1347 2853 1471 2915 distorta

206 2974 312 3038 verbis
335 2974 474 3052 cavebat,
496 2973 715 3053 Tertullianus,
745 2994 816 3040 cum
845 2974 1048 3056 neglegenter
1075 2975 1195 3054 legeret
1221 2972 1352 3038 Minucii
1375 2971 1471 3035 verba

206 3113 309 3176 neque
318 3095 488 3160 Heminam
503 3095 647 3161 Cassium
663 3096 823 3161 annalium
841 3096 1035 3176 scriptorem,
1052 3096 1141 3160 cuius
1158 3095 1301 3158 notitiam
1313 3092 1470 3156 Minucius

208 3235 244 3280 ex
266 3216 336 3297 ipso
351 3217 475 3299 Nepote
497 3217 609 3299 petivit
630 3215 723 3299 (conf.
738 3236 818 3281 mus.
834 3216 933 3280 Rhen.
948 3222 1023 3279 tom.
1039 3215 1177 3280 XLVIII
1197 3234 1224 3278 a.
1241 3215 1321 3278 1893
1342 3232 1372 3294 p.
1386 3215 1470 3297 351),

209 3335 456 3418 intellegendum
490 3355 560 3402 esse
590 3337 754 3418 cogitaret,
787 3335 968 3401 Severum
1003 3334 1148 3400 Cassium
1180 3339 1340 3399 auctorem
1366 3335 1472 3398 attulit

208 3474 346 3538 eumque
362 3458 558 3539 antiquitatis
574 3461 853 3522 commentatorem
872 3475 943 3521 esse
963 3456 1080 3538 insigni
1102 3475 1209 3520 errore
1230 3456 1290 3520 sibi
1304 3455 1469 3538 persuasit.

204 3570 250 3640 ‘at
272 3595 334 3657 qua
355 3579 483 3644 tandem
506 3597 601 3642 causa
622 3582 785 3658 permotus
806 3577 1019 3641 Tertullianus
1048 3594 1221 3656 cognomen
1241 3575 1286 3640 illi
1309 3575 1470 3639 addidisse

207 3698 433 3764 existimandus
456 3695 534 3762 esti'
562 3698 594 3762 in
617 3703 735 3778 aperto,
761 3697 822 3761 nisi
842 3696 943 3775 fallor,
971 3716 1065 3762 causa
1088 3697 1190 3778 posita
1217 3701 1279 3760 est:
1312 3695 1470 3758 Minucius

207 3818 300 3895 enim,
323 3837 394 3882 curn
416 3837 479 3882 non
504 3819 584 3882 bene
606 3818 739 3898 Nepotis
761 3815 887 3882 afferret
915 3835 1098 3899 cognomen,
1122 3816 1224 3881 Cassii
1245 3833 1370 3893 nornen,
1396 3816 1470 3879 Ter-

206 3939 355 4004 tullianus
377 3939 455 4003 haec
477 3943 676 4003 correcturus
699 3939 774 4004 dum
795 3938 912 4021 Nepoti
925 3939 1013 4004 addit
1027 3955 1153 4014 nomen,
1170 3936 1279 4001 Cassio
1295 3955 1469 4013 cognomen

207 4075 312 4122 errore
338 4058 509 4139 implicitus
535 4059 568 4121 in
592 4057 774 4122 Severum
807 4058 950 4124 Cassium
981 4058 1098 4122 incidit
1150 4056 1235 4137 quod
1263 4075 1303 4120 ne
1332 4061 1470 4120 statuere

207 4177 388 4242 dubitemus
409 4179 442 4242 in
464 4177 658 4242 Tertulliano
680 4179 875 4259 antiquitatis
897 4179 981 4244 haud
1003 4179 1159 4260 imperito,
1182 4179 1320 4242 Ebertus
1350 4176 1470 4240 similli-

206 4316 293 4361 mum
317 4298 458 4364 eiusdem
482 4316 621 4366 errorem
651 4299 732 4362 bene
762 4300 991 4376 animadvertit,
1023 4317 1086 4380 quo
1115 4299 1265 4380 Hippiam
1296 4296 1468 4378 sophistam

206 4437 277 4482 cum
300 4424 432 4500 tyranno
455 4418 596 4483 confudit
618 4418 710 4500 (apol.
733 4438 757 4483 c.
780 4422 845 4504 46).
885 4413 931 4482 ‘at
953 4419 1136 4482 Tertulliani
1152 4436 1290 4484 errorem
1312 4416 1469 4480 Minucius

207 4536 365 4604 correxit‘.
408 4557 471 4603 non
493 4539 582 4603 vides
605 4538 739 4603 adversa
759 4537 862 4604 fronte
884 4538 961 4603 haec
982 4557 1124 4620 pugnare
1146 4558 1217 4603 curn
1233 4540 1303 4621 ipsa
1318 4536 1469 4601 veritate?

208 4677 279 4725 ecce
302 4660 385 4724 enirn
411 4658 623 4724 Tertullianus
644 4658 778 4740 Nepotis
799 4658 960 4724 volumina
981 4658 1056 4738 adit,
1073 4659 1217 4724 Cassium
1233 4660 1360 4725 citatum
1376 4657 1469 4736 videt,

208 4798 280 4846 enm
312 4799 383 4846 curn
410 4780 594 4861 Augusteae
626 4779 737 4844 aetatis
769 4783 893 4846 oratore
926 4779 1122 4849 nobilissimo
1155 4779 1331 4862 confundit,
1363 4777 1472 4848 Severi
