3410 5408
899 422 938 484 52

288 613 407 667 auctore
429 621 456 668 e.
479 622 507 684 q.
530 621 569 683 sa
589 604 674 669 idem
696 605 757 670 ulio
778 607 848 672 loco
876 610 973 692 (lup)
1000 620 1026 672 et
1051 607 1192 692 quoniam
1218 628 1298 670 onem
1315 606 1419 690 frater
1447 606 1544 687 empit

288 745 374 806 vepre
393 745 422 787 se
436 725 523 809 ferre
544 725 722 788 stomachari
741 728 895 810 indipuari
916 729 1023 803 dolere,
1045 729 1218 790 inlitteratos
1234 747 1385 808 pauperes
1403 727 1543 806 inperitos

287 844 430 907 derebus
451 844 617 906 caelestibus
638 844 791 924 disputare
813 864 887 928 eq.
910 865 934 911 s.
957 847 1140 928 (tetracolon
1168 863 1238 910 cum
1265 843 1374 908 tricolo
1397 844 1543 908 coniunc-

288 965 378 1047 tum).
422 966 491 1042 233
508 964 553 1026 liic
568 987 669 1028 earum
678 965 773 1045 paria
790 967 959 1046 composuit,
973 969 1114 1029 sauciavit
1140 965 1287 1040 Veneran,
1304 964 1435 1028 Martem
1451 964 1542 1026 vivait

284 1085 445 1147 vulneravit
452 1087 572 1169 frrpavv't
582 1083 735 1167 (tricolor,
747 1084 835 1146 cuius
850 1087 977 1151 tertium
996 1087 1085 1150 calon
1101 1090 1133 1149 et
1146 1085 1250 1164 ipsum
1270 1089 1318 1147 est
1329 1083 1541 1165 tripartitum).

286 1207 356 1284 25‚9
369 1227 459 1290 ireque
474 1206 550 1268 enim
564 1227 611 1266 eos
626 1205 781 1266 adversum
796 1227 863 1266 suos
877 1205 1005 1268 immines
1020 1207 1063 1269 vel
1078 1205 1166 1268 Mars
1186 1206 1214 1268 Τ
1213 1205 1330 1266 bravius
1345 1202 1388 1264 vel
1403 1202 1542 1282 Iuppiter

288 1325 417 1388 Creticus
446 1324 489 1386 vel
518 1325 594 1385 Iuno
626 1345 703 1384 arena
731 1323 847 1406 Arpiva
876 1348 952 1387 num
978 1327 1084 1389 Samia
1113 1347 1190 1386 arene
1218 1324 1330 1399 Poma,
1364 1322 1407 1383 vel
1435 1321 1542 1383 Diana

294 1444 422 1506 iburica
454 1443 498 1506 vel
523 1443 624 1506 Mater
649 1443 745 1505 Idaea
773 1445 817 1505 vel
842 1445 989 1528 Aeppptia
1017 1445 1070 1506 illa
1097 1467 1155 1506 non
1180 1443 1304 1505 numina
1329 1443 1381 1503 sal
1401 1452 1541 1522 portenta

285 1564 419 1625 iuverunt
441 1563 502 1645 (bis
524 1567 621 1641 terna,
642 1563 818 1643 priorisque
839 1565 948 1628 triadis
975 1565 1101 1628 tertium
1124 1563 1301 1626 membrum
1329 1562 1541 1644 tripartitum).

287 1684 357 1760 225
395 1683 541 1745 Vulcanm
576 1683 699 1745 claudus
734 1685 803 1744 uleus
836 1695 862 1745 et
892 1685 1024 1759 debilis,
1053 1683 1163 1764 Apollo
1197 1693 1237 1745 tot
1268 1685 1410 1746 aetatibus
1442 1683 1540 1758 levis-‚

287 1803 482 1883 Aesculapius
501 1802 570 1864 bene
584 1802 733 1880 barbatus,
747 1804 800 1865 etsi
819 1826 934 1886 semper
948 1804 1138 1866 adulescentis
1152 1803 1302 1884 Apollinis
1314 1803 1435 1886 filivs-‚-
1460 1801 1540 1882 Nep-

285 1933 371 1984 tunus
396 1921 508 2002 plaucis
530 1920 629 2000 oculis,
651 1920 789 1984 Minerva
817 1925 927 2000 caesiis,
958 1925 1072 1985 bubulis
1095 1923 1205 1994 Irrue-3
1226 1923 1354 2003 pedibus
1375 1923 1542 1985 Memmius

286 2042 405 2122 alatis,
421 2041 491 2103 Pan
512 2039 691 2122 vapuletis,
708 2043 856 2105 Saturnus
870 2043 1049 2124 compeditis.
1093 2043 1198 2123 itaque
1212 2042 1244 2105 in
1260 2042 1306 2105 eis
1321 2059 1401 2122 quae
1416 2040 1541 2120 scripsit

286 2179 311 2223 c.
334 2162 382 2238 5,2
409 2160 524 2222 nullum
550 2162 695 2243 nepotium
721 2173 760 2223 est
781 2165 964 2246 patefacere,
991 2163 1091 2224 omnia
1119 2163 1151 2224 in
1176 2163 1261 2224 rebvs
1284 2162 1421 2223 lrrrmaais
1450 2159 1540 2221 dubia

285 2279 397 2342 incerta
421 2301 593 2363 suspensa,
620 2283 803 2365 magiisque
832 2283 949 2344 omrria
974 2281 1191 2344 verisimilia
1220 2303 1322 2364 quam
1351 2301 1432 2342 vera
1460 2277 1539 2342 falso

285 2397 377 2460 multi
397 2397 531 2461 alterum
553 2399 653 2461 omnia
676 2399 788 2478 delent,
810 2402 907 2464 immo
928 2403 997 2482 ipsa
1018 2401 1161 2465 vocabuli
1182 2401 1368 2481 repetitione
1390 2402 1499 2462 auctor
1521 2417 1540 2461 a

283 2516 393 2580 tricolo
416 2521 519 2581 cetera
541 2516 735 2596 seiungenda
758 2536 828 2581 esse
849 2518 1013 2597 iudicarim
1035 2536 1137 2600 neque
1158 2518 1274 2581 rectius
1301 2516 1435 2580 alterum
1457 2517 1540 2580 bunc

283 2637 386 2700 locum
410 2637 487 2722 (7‚3)
509 2639 647 2698 mutarit:
669 2637 745 2698 testis
765 2649 860 2700 nsoter
881 2639 975 2702 Idaea
999 2687 1005 2700 .
1029 2687 1035 2702 .
1059 2688 1086 2720 .‚
1108 2647 1188 2700 testes
1210 2637 1386 2720 equestrium
1400 2638 1540 2720 fratrum

284 2768 396 2820 statuae
418 2805 424 2819 .
448 2805 454 2820 .
479 2803 507 2831 .‚
530 2757 606 2818 testis
625 2756 764 2818 ludorum
781 2758 896 2820 iteratio
901 2782 912 2831 ,·
934 2769 960 2819 et
982 2758 1145 2820 Deciorum
1167 2757 1278 2818 elevatio
1299 2768 1368 2818 rata
1389 2759 1467 2820 testis
1488 2768 1538 2834 est,

284 2879 362 2940 testis
383 2888 409 2940 et
432 2878 565 2940 Curtius:
589 2877 726 2957 quinque
748 2877 854 2940 attulit
877 2877 1026 2958 exempla,
1053 2877 1110 2941 sed
1132 2877 1237 2941 verbis
1258 2874 1424 2940 artificiose
1446 2875 1539 2939 colla-

285 2997 362 3060 catis
385 3016 422 3060 eo
444 2997 542 3060 utitur
565 2997 683 3074 ordine,
706 3000 742 3058 ut
763 2996 896 3059 utribus
918 2997 1075 3077 prioribus
1097 2997 1277 3076 seiungeret
1291 2996 1354 3059 duo
1370 2999 1538 3075 postrema.

286 3159 327 3168 -κ
351 3116 461 3180 eodem
484 3116 579 3179 modo
602 3116 696 3179 ceteri
718 3115 786 3178 eius
808 3115 919 3178 aetatis
947 3117 1124 3197 scriptores,
1152 3117 1205 3196 qui
1231 3116 1357 3197 quidem
1387 3115 1449 3178 stili
1476 3114 1538 3178 ele-

285 3237 421 3317 gantiam
457 3233 650 3312 affectarent,
679 3234 775 3298 locuti
810 3239 898 3312 sunt,
932 3253 1065 3314 quorum
1095 3254 1194 3315 pauca
1223 3233 1350 3298 afferam
1381 3235 1536 3316 exempla:

285 3355 448 3438 Appulei
461 3355 646 3440 floridorum
670 3357 702 3417 6:
738 3355 835 3416 Indi.
860 3404 866 3416 .
891 3355 1026 3434 ,procul
1051 3378 1070 3416 a
1101 3357 1182 3418 uobis
1203 3356 1401 3418 adorientem
1422 3355 1472 3416 siti
1498 3402 1504 3412 .
1528 3401 1535 3416 .

284 3498 374 3557 super
403 3475 563 3558 Aeppptias
592 3475 720 3537 eruditas
746 3485 772 3536 et
800 3475 928 3536 Iudaeos
960 3475 1173 3555 superstitiosos
1201 3485 1227 3538 et
1263 3473 1433 3536 Nabataeos
1458 3494 1535 3535 mer-

285 3607 408 3679 catores,
432 3599 436 3678 Ι
465 3605 490 3657 et
504 3594 609 3679 fluaos
636 3595 756 3657 uestium
778 3593 943 3656 Arsacidas
972 3606 998 3657 et
1019 3595 1149 3678 frupum
1175 3615 1324 3675 pauperes
1352 3594 1486 3676 Ityraeos
1512 3603 1538 3656 et

286 3717 411 3780 odorum
450 3715 551 3777 divites
583 3713 721 3776 Arabas:
750 3717 763 3793 ΙΙ
795 3734 896 3775 eorum
929 3715 1019 3796 ipitvr
1049 3715 1197 3776 Indorum
1230 3735 1289 3776 non
1320 3734 1411 3797 aeque
1442 3714 1538 3776 miror

285 3837 379 3899 eboris
400 3845 494 3898 strues
516 3844 542 3895 et
556 3833 677 3914 piperis
696 3853 800 3894 messos
821 3842 847 3893 et
867 3833 999 3897 cinnami
1018 3856 1135 3912 merces,
1155 3833 1159 3915 Ι
1186 3843 1211 3895 et
1229 3833 1315 3918 ferri
1338 3833 1538 3914 temperacula

286 3965 312 4018 et
333 3955 448 4035 arpenti
467 3952 587 4014 nretalla
609 3962 635 4013 et
652 3952 722 4012 auri
733 3951 851 4036 fluenta
873 3951 949 4034 (dua
964 3953 1145 4018 tricolorum
1159 3951 1259 4037 paria)
1277 3955 1316 4016 18
1337 3953 1369 4014 in
1390 3953 1538 4014 auditorio

285 4072 339 4134 boa
358 4093 448 4154 pennos
469 4073 597 4153 spectari
618 4071 699 4134 (lebet
719 4093 778 4133 non
797 4072 960 4151 pavimenti
978 4073 1172 4136 marmoratio
1192 4095 1243 4136 aec
1252 4071 1424 4154 proscaenii
1436 4082 1537 4134 corita-

286 4191 467 4254 balationes
487 4212 607 4254 scaenae
628 4190 814 4272 columnatio,
834 4194 838 4272 Ι
861 4191 913 4254 secl
940 4213 992 4255 nec
1013 4192 1173 4255 eriminum
1199 4191 1354 4254 eminentia
1379 4213 1430 4252 nec
1456 4190 1538 4252 laea

285 4310 405 4372 narium
418 4310 595 4395 refulpentia
609 4332 661 4372 nec
675 4310 810 4372 sedilium
825 4311 1060 4396 circumferentia
1075 4313 1185 4396 (item).
1218 4312 1349 4376 ibidem:
1371 4321 1539 4392 temporum

286 4429 421 4504 ambitus,
443 4439 595 4492 ventorum
608 4429 715 4514 flatus,
736 4431 891 4511 stellarumj
909 4443 1030 4514 areatas,
1050 4433 1054 4516 Ι
1073 4433 1234 4495 tonitruum
1254 4454 1362 4495 sonora
1383 4429 1537 4507 miracula,

285 4548 416 4610 stonum
435 4549 554 4634 obliqua
576 4550 732 4627 curricula,
752 4550 821 4612 solis
842 4573 944 4612 arrrrua
962 4552 1134 4614 reverticula
1153 4552 1264 4635 (item).
1307 4550 1539 4615 Tertulliani

285 4667 357 4731 libri
372 4669 407 4731 cle
416 4668 565 4749 pudicitia
589 4668 696 4749 scripti
710 4669 849 4733 initium:
869 4671 1015 4751 pudicitia
1030 4671 1091 4756 flos
1108 4693 1236 4746 auorum,
1258 4671 1351 4733 ltonvr
1370 4693 1538 4752 corporum,

286 4788 373 4850 decor
394 4810 546 4866 staverun,
566 4788 570 4873 Ι
588 4790 740 4870 intepritas
760 4791 911 4872 sanguinis
924 4790 1006 4873 siclos
1018 4792 1161 4870 perieris,
1180 4792 1185 4875 Ι
1203 4792 1431 4869 fundamentum
1451 4812 1537 4851 sanc-
