3410 5408
820 392 862 454 43

210 571 330 655 figurae
351 575 490 640 studium
504 579 608 641 ortum
630 579 679 640 est
700 575 773 640 inde
788 577 826 639 ab
843 575 996 640 Hadriani
1015 575 1214 656 imperatoris
1233 578 1343 639 aetate.
1386 576 1471 657 quod

211 695 475 774 quemadmodum
498 695 715 778 explicandum
738 695 787 772 sit,
809 694 893 758 ultro
922 693 1083 775 intelleget
1111 694 1165 775 qui
1190 693 1316 775 linguae
1339 713 1469 776 graecae

212 812 315 894 qualia
325 811 442 878 fuerint
456 832 513 896 per
523 815 607 880 vices
623 813 818 878 saeculorum
837 811 901 877 fata
919 813 999 876 bene
1017 813 1155 890 noverit;
1171 831 1244 876 nam
1261 813 1470 878 recentiorum

211 953 290 1017 quos
311 935 407 1018 vulgo
437 934 581 1000 dicebant
611 933 822 1016 sophistarum
851 932 980 1013 plurimi
1009 951 1078 997 oum
1109 937 1272 997 auctorum
1293 932 1469 998 Atticorum

211 1059 382 1120 sectatores
403 1059 516 1132 essent,
538 1057 644 1118 tamen
667 1051 794 1116 fuerumt
817 1051 923 1132 etqui
944 1050 992 1115 his
1015 1052 1129 1132 spretis
1151 1050 1334 1132 Augustcae
1355 1054 1468 1119 aetatis

212 1173 465 1253 declamatorum,
493 1175 532 1238 de
560 1174 675 1256 quibus
705 1190 800 1254 supra
835 1171 981 1250 vidimus
1014 1173 1167 1235 rationem
1199 1173 1298 1236 secuti
1327 1178 1468 1238 veterum

211 1293 421 1376 sophistarum
443 1293 648 1357 imitationem
665 1311 740 1376 prae
756 1310 790 1357 se
812 1291 930 1356 ferrent
945 1297 977 1356 et
991 1293 1044 1373 qui
1059 1297 1192 1373 utroque
1208 1292 1331 1358 dicendi
1354 1311 1468 1374 genere

211 1414 378 1478 commixto
401 1413 492 1495 quasi
509 1413 648 1477 medium
670 1413 923 1494 interutrosque
945 1413 1049 1477 locum
1071 1413 1250 1477 obtinerent
1271 1419 1307 1478 ut
1321 1414 1466 1478 Herodes

211 1537 243 1596 et
263 1531 407 1597 Polemo:
438 1533 471 1597 id
503 1534 586 1598 enim
613 1531 757 1615 plurimis
782 1533 1026 1614 certissimisque
1060 1534 1247 1614 scriptorum
1280 1532 1468 1597 testimoniis

212 1649 442 1730 comprobatur,
464 1667 544 1730 quae
567 1668 754 1732 quamquam
778 1650 907 1714 collecta
930 1650 1113 1732 digestaque
1135 1651 1246 1729 habeo,
1267 1651 1326 1716 hoo
1341 1652 1468 1732 quidem

210 1768 279 1833 loco
301 1768 446 1833 brevitati
467 1769 598 1834 studens
619 1771 857 1852 praettermitto.
901 1789 937 1834 ex
959 1772 1079 1852 ingenti
1100 1776 1205 1835 autem
1222 1790 1301 1852 quae
1317 1772 1471 1836 succrevit

211 1888 392 1953 tricolorum
415 1890 504 1970 copia
525 1908 626 1970 pauca
648 1889 777 1970 seligam
801 1890 951 1971 exempla.
994 1891 1199 1954 Lucienum
1222 1893 1345 1953 constat
1367 1893 1399 1952 et
1420 1889 1467 1953 iu·

211 2026 322 2072 venem
345 2013 377 2072 et
397 2026 504 2073 senem
528 2007 739 2089 sophistarum
761 2009 893 2091 vestigia
908 2009 1031 2091 legisse,
1053 2010 1208 2092 reliquum
1230 2009 1312 2074 vitae
1333 2010 1468 2090 spatium

212 2127 432 2207 gravissimum
466 2145 500 2192 se
530 2129 726 2209 praestitisse
763 2131 933 2194 eorundem
969 2149 1131 2194 censorem
1172 2130 1469 2210 castigatoremquc3

212 2265 273 2328 quo
295 2246 411 2312 factum
435 2253 491 2325 est,
514 2253 549 2312 ut
571 2266 650 2328 quae
673 2249 805 2314 diversis
824 2250 906 2314 vitae
928 2249 1122 2331 temporibus
1140 2248 1315 2329 studiisque
1330 2246 1470 2312 condidit

215 2385 310 2450 opera
339 2386 530 2449 magnopere
556 2367 694 2432 intense
721 2369 900 2450 discrepent
920 2369 1083 2450 disciplina
1104 2373 1198 2450 atque
1220 2367 1402 2431 elocutione.
1442 2367 1470 2431 is

210 2488 306 2569 igitur
328 2506 399 2553 cum
420 2487 470 2551 his
491 2487 588 2565 libris,
608 2505 686 2568 quos
711 2488 744 2552 in
773 2489 843 2570 ipso
872 2489 955 2553 vitae
985 2488 1163 2570 gloriaeque
1188 2486 1314 2568 fastigio
1344 2504 1469 2568 compo-

213 2607 283 2685 suit,
304 2607 405 2670 nitida
426 2606 480 2672 illa
501 2607 670 2672 verborum
698 2608 986 2689 sententiarumque
1015 2611 1199 2671 ornamenta
1228 2606 1356 2670 omnino
1383 2625 1470 2689 spre-

212 2727 310 2792 visset
338 2727 567 2808 reiecissetque,
596 2728 629 2792 in
658 2727 771 2792 ceteris
800 2727 905 2792 dedita
932 2745 1028 2808 opera
1056 2727 1210 2808 quaesivit
1239 2731 1271 2790 et
1298 2731 1472 2807 aucupatus

212 2851 268 2910 est.
311 2847 396 2927 quod
419 2865 490 2912 cum
514 2848 553 2917 de
575 2847 722 2912 omnibus
744 2847 898 2911 sermonis
920 2845 1059 2912 artificiis
1081 2847 1278 2928 comprobari
1306 2847 1415 2928 possit,
1437 2847 1469 2910 in

212 2965 338 3044 tricolis,
369 2967 408 3031 de
431 2967 544 3049 quibus
573 2968 685 3049 agitur,
714 2985 766 3030 me
795 2967 949 3031 contineo
998 2986 1070 3031 nam
1102 2967 1274 3048 sophistam
1304 2967 1469 3048 quendam,

214 3103 305 3166 quern
329 3086 490 3152 Pollucem
511 3106 581 3152 esse
601 3092 686 3153 recte
713 3092 863 3166 statuunt,
895 3079 1076 3174 παρῳδίαας
1105 3086 1154 3152 his
1179 3087 1284 3151 verbis
1311 3087 1409 3151 irrisit
1436 3087 1469 3150 in

214 3204 374 3270 rhetorum
400 3209 575 3289 praeceptis
598 3211 664 3291 (13)
687 3210 750 3270 ἐπεὶ
776 3200 846 3283 τους
867 3231 903 3293 γε
930 3202 1041 3282 ἄλλους
1067 3212 1214 3270 τοσοῦτον
1241 3202 1471 3294 ὑπερφωνοῦντα

210 3315 337 3411 εὑρήσεις
351 3317 460 3389 ὁπόσον
478 3321 497 3397 ἡ
522 3318 651 3414 σάλπιγξ
671 3323 741 3402 τοὺς
755 3323 863 3402 αὐλοὺς
878 3329 927 3390 καὶ
947 3334 974 3390 οἱ
988 3327 1126 3412 τέττιγες
1139 3323 1195 3402 τὰς
1212 3327 1356 3413 μελίττας
1376 3328 1426 3389 καὶ
1443 3333 1469 3389 οἱ

209 3447 293 3531 χοροὶ
306 3440 376 3519 τοὺς
388 3439 565 3521 ἐνδιδόντας.
587 3467 626 3511 en
642 3466 721 3529 quae
736 3448 804 3530 ipse
819 3449 851 3512 in
866 3449 1059 3530 tyrannicida
1073 3448 1168 3512 hahet
1182 3446 1337 3529 exempla:
1350 3450 1369 3510 8
1380 3438 1464 3508 πάντ’

212 3567 274 3649 ἔχει
285 3588 336 3650 μοι
349 3570 460 3646 καλῶς,
471 3558 570 3629 πάντα
585 3567 761 3655 πέπρακται,
769 3559 869 3630 πάντα
882 3560 1096 3655 κατώρθωται.
1117 3568 1233 3632 ibidem
1246 3565 1288 3629 ἐπ’
1304 3570 1379 3653 έργῳ
1392 3570 1469 3652 λαμ·
1556 3599 1560 3608 ·

211 3689 274 3771 πρῷ
287 3687 337 3747 καὶ
350 3691 473 3767 νεανικῷ
486 3688 535 3749 καὶ
549 3687 681 3772 γενναίῳ.
703 3687 820 3752 ibidem
833 3680 923 3750 ἰδέτω
939 3679 1127 3758 κολασθήτω
1142 3687 1354 3774 παρακείμενον
1369 3685 1468 3770 ἐχέτω

213 3797 249 3865 τὸ
272 3793 362 3889 ξίφος.
406 3807 537 3891 9τιμᾶν
565 3798 663 3881 ἔξεστι
691 3809 741 3870 καὶ
769 3799 900 3882 δικάζειν
925 3810 975 3870 καὶ
1004 3805 1177 3892 ἀντιλέγειν.
1218 3809 1343 3890 τολμῶν
1371 3797 1467 3866 κινδυ-

212 3912 311 4006 νειίων,
332 3919 421 3986 ἀνιὼν
443 3921 576 4012 ἀναιρῶν,
596 3918 734 4001 κολάζων
758 3918 793 3988 δι’
819 3917 961 3996 ἀλλήλων
982 3917 1201 4014 τιμωρούμενος
1227 3925 1384 4006 (binorum
1399 3943 1467 3989 ver·

211 4041 323 4106 borum
353 4043 498 4129 tricolon)
528 4048 565 4109 11
594 4041 650 4117 τὴν
682 4048 854 4133 ἐλευθερίαν
879 4042 934 4110 τίν
964 4040 1166 4132 δημοκρατίαν
1194 4039 1251 4114 τὴν
1276 4049 1339 4107 τῶν
1365 4035 1468 4106 δεινῶν

216 4154 403 4248 ἀπαλλαγήν.
446 4165 563 4230 ibidem
587 4167 616 4227 έν
643 4157 732 4252 μόνον
761 4157 893 4246 ἐξέταζε,
923 4171 1015 4228 τοῦτο
1038 4164 1167 4246 ἀπαίτει,
1195 4170 1288 4228 τοῦτο
1316 4166 1468 4247 πολυπρα-

211 4272 322 4367 γμόνει,
344 4283 388 4357 τίς
409 4288 472 4346 τῶν
492 4291 627 4373 πονηρῶν
645 4287 781 4349 λείπεται
802 4283 821 4357 ἣ
843 4288 887 4361 τίς
912 4288 993 4360 ἐλπὶς
1018 4291 1073 4348 τοῦ
1095 4277 1189 4371 φόβου
1211 4281 1230 4355 ἢ
1253 4284 1283 4346 τί
1308 4273 1468 4367 ὑπόμνημα

211 4406 273 4463 τῶν
295 4409 459 4490 συμφορῶν.
505 4407 543 4468 15
565 4409 700 4492 φυλακῆς
721 4398 880 4494 ἐκράτησα,
903 4399 1081 4494 δορυφόρους
1103 4406 1230 4485 ἐνίκησα,
1252 4398 1306 4467 τὸν
1330 4395 1468 4490 τυραννον

212 4513 387 4607 ἀφύλακτον
415 4518 544 4589 ἄνοπλον
569 4521 679 4611 γυμνὸν
706 4520 860 4590 ἀπέδωκα.
911 4529 947 4592 17
977 4525 1010 4590 οὐ
1041 4518 1198 4606 δεσπότης,
1226 4523 1260 4588 οὐ
1288 4515 1384 4611 βαρύς,
1413 4520 1468 4584 Οὐκ

212 4632 363 4728 ἀφόρητος
386 4635 436 4724 ἦν,
470 4647 509 4709 20
539 4638 610 4709 abdo
633 4641 694 4710 υἱὸν
715 4645 815 4733 ὀλίγον
837 4645 1001 4731 ἐμπνέοντα
1028 4642 1201 4735 ᾑμαγμένον
1223 4643 1467 4732 ἐμπεπλησμένον

215 4769 270 4825 τοῦ
305 4755 395 4850 φονου
427 4767 477 4829 καὶ
506 4761 548 4829 τά
579 4758 738 4856 τραύματα
773 4773 880 4853 συνεχῆ
909 4770 960 4832 καὶ
990 4763 1091 4832 πολλὰ
1123 4770 1173 4832 καὶ
1205 4768 1301 4855 καίρια
1326 4757 1469 4854 ἀνεβόησε
