3410 5408
791 406 830 467 37

299 586 377 651 Eius
399 587 494 667 igitur
513 583 633 666 figurae
654 591 774 654 ratione
798 591 937 671 exposita
960 590 1000 654 ad
1015 607 1108 654 usum
1124 587 1227 668 ipsum
1245 602 1433 666 cognoscen-

175 707 251 771 dum
274 727 462 789 progressus
490 708 517 771 si
544 707 695 773 tantulam
716 728 753 772 ex
781 710 900 773 cunctis
927 709 1106 773 auctoribus
1136 707 1257 787 copiam
1280 703 1433 783 afferrem,

173 845 237 890 non
259 825 400 889 libellum
427 826 553 890 ederem
584 827 640 890 sed
669 827 796 907 grandis
822 831 917 908 atque
944 827 1090 890 immensi
1112 825 1280 890 voluminis
1309 826 1433 890 librum.

171 964 274 1027 neque
295 947 328 1010 id
350 965 434 1010 nunc
455 963 507 1009 me
528 963 630 1026 agere,
652 946 708 1010 sed
728 947 857 1011 Minucii
879 966 973 1011 causa
1000 947 1105 1010 omnia
1127 964 1178 1009 me
1206 945 1283 1010 haec
1304 947 1434 1010 memini

173 1066 348 1148 disputare3
384 1066 490 1146 itaque
527 1068 706 1146 temporum
743 1066 886 1130 ordinem
915 1071 1048 1141 ,secutus
1081 1085 1161 1147 qnae
1192 1067 1284 1130 istius
1315 1065 1434 1147 figurae

171 1185 289 1250 fuerint
311 1186 400 1267 quasi
421 1184 486 1249 fata
507 1189 540 1249 et
559 1184 698 1264 historia,
720 1186 875 1267 quibusve
897 1205 934 1249 ea
948 1187 1083 1250 maxime
1098 1187 1230 1267 probata
1243 1186 1339 1250 fuerit
1357 1187 1433 1251 viris

173 1306 297 1370 dicendi
327 1305 421 1370 laude
452 1306 613 1388 gloriaque
647 1306 883 1384 excellentibus,
918 1325 1000 1370 novo
1036 1304 1118 1371 facto
1158 1307 1279 1388 impetu
1316 1307 1432 1370 cursim

171 1427 341 1492 absolvam.

298 1545 403 1628 Atque
423 1546 453 1610 ei
475 1546 601 1627 quidem
625 1546 678 1628 qui
700 1547 774 1610 talia
796 1547 845 1610 via
874 1566 913 1611 ac
934 1547 1056 1611 ratione
1088 1549 1311 1628 persecuturus
1338 1546 1387 1624 sit,
1415 1565 1434 1610 a

172 1663 385 1746 sophistarum
414 1664 578 1745 disciplina
609 1670 641 1728 et
673 1669 740 1728 arte
770 1666 1036 1746 progrediendum
1066 1683 1144 1744 esse,
1177 1684 1213 1729 ex
1246 1685 1308 1746 qua
1336 1665 1434 1729 veluti

169 1783 257 1849 fonte
279 1785 415 1865 quodam
438 1786 569 1866 perenni
591 1803 701 1849 omnes
723 1785 938 1848 emanaverint
959 1784 1060 1862 rivuli,
1081 1803 1144 1848 non
1166 1785 1244 1848 latet
1259 1802 1321 1862 cos,
1335 1801 1433 1864 penes

171 1923 250 1986 qnos
273 1909 322 1969 est
342 1905 453 1969 harum
472 1924 578 1968 rerum
601 1905 713 1985 peritia
734 1910 828 1985 atque
849 1905 1011 1968 iudicium.
1055 1905 1111 1968 sed
1139 1903 1275 1985 Gorgiae
1304 1903 1432 1967 ceteris-

170 2042 233 2105 que
254 2015 487 2110 λογοδαιδάλοις
509 2024 764 2111 Ηοιοοοὶίίυῐυς
786 2024 929 2104 quamvis
952 2023 1172 2104 gravissimum
1194 2042 1228 2087 se
1242 2023 1434 2105 praestiterit

171 2143 382 2224 sophistarum
405 2162 577 2222 censorem,
597 2145 687 2226 quasi
701 2145 783 2209 viam
806 2149 1000 2208 monstrasse
1015 2143 1076 2207 alia
1098 2144 1267 2225 scriptione
1283 2144 1433 2221 evincam,

169 2281 253 2326 nunc
268 2264 344 2327 satis
362 2263 484 2328 habebo
499 2283 579 2344 quae
596 2264 680 2345 apud
698 2283 771 2327 eum
790 2263 937 2346 leguntur
954 2263 1063 2328 tricola
1081 2265 1238 2340 attulisse3
1259 2269 1333 2326 sunt
1348 2263 1431 2326 enim

169 2382 259 2447 haec:
281 2381 319 2447 fr.
343 2387 381 2448 12
395 2382 431 2447 Β.
452 2381 609 2470 ἀγέλαστα
638 2385 689 2445 καὶ
718 2375 940 2446 ἀκαλλώπιστα
968 2385 1017 2446 καὶ
1044 2375 1200 2470 ἀμύριστα.
1248 2385 1285 2446 17
1314 2384 1433 2453 ἐποίησε

170 2505 285 2565 ἑωυτοῦ
317 2503 420 2589 σοφίην
449 2506 641 2590 πολυμαθίαν
670 2505 874 2589 κακοτεχνίην.
924 2507 964 2568 58
991 2503 1149 2589 τέμνοντες
1175 2503 1308 2576 καίοντες
1336 2493 1433 2573 πάντη

171 2615 384 2704 βασανίζοντες.
432 2625 493 2687 104
514 2629 616 2698 νοῦσος
642 2618 753 2708 ὑγίειαν
774 2624 893 2694 ἐποίησε
913 2616 970 2694 ἡδὺ
993 2626 1042 2686 καὶ
1069 2614 1196 2710 ἀγαθόν,
1220 2617 1307 2698 λιμὸς
1337 2615 1430 2710 κόρον,

170 2734 307 2829 κάματος
335 2735 505 2811 ἀνάπαυσιν.
557 2746 720 2827 Gorgias
742 2746 958 2810 trimembrem
989 2745 1112 2809 dicendi
1142 2743 1275 2808 formam
1305 2763 1369 2807 non
1397 2744 1430 2807 in

170 2865 321 2946 asyndeto
343 2871 475 2947 tantum,
498 2869 554 2933 sed
577 2867 670 2931 etiam
694 2867 726 2930 in
749 2867 897 2930 continua
912 2865 1052 2929 oratione
1068 2865 1252 2947 saepissime
1266 2862 1430 2943 affectavit,

170 2989 206 3048 ut
226 2985 258 3048 in
281 2985 422 3052 Helenae
444 2987 648 3071 paragraphis

378 3109 493 3190 prima:

467 3233 483 3294 1
507 3223 599 3317 ἄνδρα
621 3223 656 3292 δὲ
678 3231 728 3292 καὶ
748 3241 873 3314 γυναῖκα

465 3355 484 3415 2
507 3353 557 3414 καὶ
577 3342 669 3436 λόγον
691 3351 740 3412 καὶ
763 3353 855 3435 ἔργον,

465 3475 483 3536 3
507 3474 558 3535 καὶ
577 3461 664 3535 πόλιν
685 3473 735 3533 καὶ
756 3476 880 3556 πρᾶγμα

502 3588 558 3679 χρὴ
582 3587 618 3655 τὸ
643 3591 695 3678 μὲν
716 3583 800 3705 οἶιξιον
821 3592 939 3653 ἐπαίνου
961 3592 1070 3672 ἐπαίνῳ
1095 3596 1192 3676 τιμᾶν,

586 3717 631 3794 τῷ
655 3705 689 3774 δὲ
711 3702 821 3792 ἀναξίῳ
845 3716 951 3798 μῶμον
973 3711 1147 3774 ἐπιτιθέναι.

377 3835 486 3900 tertia:

424 3957 440 4019 I
465 3959 481 4019 l
505 3952 554 4018 ὅτι
576 3953 629 4039 μὲν
650 3945 700 4016 οὖν
722 3943 807 4039 φύσει
829 3955 878 4014 καὶ
899 3952 976 4037 γένει

462 4079 481 4138 2
504 4069 545 4136 τὰ
565 4079 672 4161 πρῶτα
694 4077 756 4134 τῶν
777 4063 905 4158 πρώτων

462 4195 481 4256 3
504 4185 618 4281 ἀνδρῶν
639 4195 857 4279 καὶγυναικῶν
878 4187 897 4264 ἡ
918 4184 1001 4278 γυνή,

406 4314 440 4378 ΙΙ
504 4316 566 4400 περὶ
587 4303 622 4388 ἧς
643 4307 695 4377 ὅδε
717 4307 733 4377 ὁ
756 4304 855 4399 λόγος,

388 4433 439 4496 III
504 4431 558 4496 οὐκ
579 4426 692 4503 ἄδηλον
714 4425 777 4495 οὐδ’
804 4431 923 4518 ὀλίγοις.

377 4556 478 4615 sexta:

424 4673 441 4736 I
465 4675 482 4736 1
504 4668 523 4742 τί
547 4666 603 4760 γὰρ
624 4663 719 4758 τύχης
740 4663 908 4757 βουλήμασι

465 4793 557 4857 2καὶ
578 4797 661 4856 θεῶν
683 4783 865 4878 βουλεύμασι
956 4791 957 4794 “
