3410 5408
820 409 859 468 27

738 495 946 502 ———.—-...

213 590 380 672 plerasque
403 591 558 655 sermonis
580 591 708 656 facetias
731 593 792 680 μετ’
821 595 1003 682 εἰρωνείας
1032 593 1144 658 fecisse
1168 592 1244 656 dicit
1268 631 1303 638 --
1329 593 1357 656 is
1379 593 1475 673 igitur

215 708 348 790 Gorgias
370 709 520 772 arrdacius
543 728 636 789 quarn
660 710 805 775 usitatius
828 712 914 793 loqui
930 711 1046 788 maluit,
1064 729 1133 774 curn
1150 709 1227 774 haec
1243 711 1393 776 scriberet
1407 714 1474 795 (15)

213 823 309 914 ἀγάρ
332 823 455 914 ὁρῶμεν,
480 833 542 914 ἔχει
566 821 650 916 φύσιν
674 830 730 916 οὐχ
750 829 785 894 ἀν
804 826 886 916 ἡμεῖς
902 831 1032 915 θέλομεν
1055 827 1119 892 ἀλλ’
1146 828 1187 898 ἦν
1209 831 1337 894 ἕκαστον
1360 834 1474 915 ἔτυχεν.

216 947 352 1028 Gorgiae
385 949 540 1030 ampullas
570 950 792 1032 pigmentaque
828 952 861 1014 in
891 951 1137 1014 demonstrativo
1168 951 1294 1030 quidem
1325 951 1474 1015 orationis

214 1085 329 1146 genere
351 1085 413 1130 non
437 1068 555 1148 sprevit
577 1067 707 1149 Lysias
730 1074 785 1131 aut
808 1075 843 1132 ut
864 1069 979 1132 rectius
1002 1068 1112 1149 loquar
1139 1067 1166 1131 is
1189 1087 1282 1149 quem
1305 1069 1419 1133 Plato
1441 1070 1473 1132 in

213 1185 358 1250 Phaedro
381 1187 506 1269 dialogo
528 1189 560 1251 in
583 1187 693 1269 Lysiae
715 1207 851 1268 persona
872 1190 1027 1253 dicentem
1050 1189 1179 1267 induxit,
1206 1209 1277 1253 nam
1302 1189 1355 1269 qui
1375 1189 1475 1270 ipsius

215 1306 325 1386 Lysiae
356 1306 528 1370 orationem
557 1306 741 1372 aPhaedro
771 1309 895 1372 recitari
925 1314 1044 1389 putant,
1075 1311 1103 1372 oi
1133 1329 1167 1373 se
1197 1310 1337 1374 Platonis
1367 1329 1475 1374 manes

214 1423 274 1487 sibi
296 1424 393 1488 iratos
415 1424 531 1489 habere
554 1426 662 1490 sciant.
706 1427 762 1490 sed
786 1427 825 1490 de
846 1426 940 1491 huius
963 1429 1114 1492 orationis
1137 1427 1315 1492 charactere
1332 1427 1475 1492 Socrates

214 1543 282 1625 ipse
304 1545 453 1610 iudicavit
475 1545 607 1629 (234Ε),
631 1543 678 1608 ὅτι
701 1551 780 1632 σαφῆ
812 1550 861 1610 καὶ
891 1541 1101 1636 στρογγύλα
1127 1549 1177 1610 καὶ
1206 1545 1333 1634 ἀκριβῶς
1362 1548 1477 1610 ἕκαστα

214 1669 276 1726 τῶν
303 1656 460 1748 ὀνομάτων
486 1656 817 1751 ἀποτετόρνευται,
848 1690 884 1734 ac
905 1689 1037 1748 revera,
1060 1675 1095 1732 ut
1114 1669 1146 1732 in
1162 1669 1335 1749 Protagora
1350 1688 1475 1749 quoque

216 1790 248 1849 et
271 1784 422 1850 Convivio
445 1785 578 1866 dialogis
600 1786 690 1849 Plato
714 1787 861 1854 eximium
886 1809 919 1854 se
941 1790 1098 1871 praestitit
1125 1789 1290 1853 cavillandi
1317 1788 1477 1866 artificem,

215 1907 351 1986 plurima
372 1906 423 1970 hic
444 1925 501 1986 per
522 1906 693 1970 ludibrium
722 1908 855 1973 inseruit
884 1911 1022 1998 Γοργίεια
1049 1929 1128 1991 quae
1152 1913 1303 1974 vocantur
1333 1900 1478 1995 σχήματα

217 2045 320 2106 neque
342 2045 418 2108 prae
441 2025 532 2090 bellis
560 2027 628 2090 istis
657 2029 767 2109 figuris
797 2030 1057 2094 consuetudinem
1087 2029 1210 2094 dicendi
1237 2037 1359 2094 mutare
1390 2029 1479 2092 dubi·

217 2148 304 2212 tavit.
355 2167 428 2212 nam
458 2146 488 2208 in
519 2146 569 2210 his
599 2148 703 2212 verbis
734 2149 857 2233 (231B)
880 2160 942 2222 τοῖς
968 2142 1003 2210 δὲ
1030 2144 1070 2235 μὴ
1100 2151 1202 2236 ε’ρῶσιν
1235 2142 1305 2212 οὔτε
1335 2143 1390 2218 τάν
1418 2153 1480 2209 τῶν

218 2268 332 2330 οἰκείων
353 2265 495 2350 ἀμέλειαν
522 2260 573 2328 hd
593 2272 686 2329 τοῦτο
709 2271 788 2330 ἔστιν
803 2262 1042 2356 προφασίζεσθαι
1058 2263 1127 2332 οὔτε
1143 2263 1213 2342 τοὺς
1229 2259 1480 2355 παρεληλυθότας

218 2377 324 2461 πόνους
345 2379 582 2472 ὑπολογίζεσθαι
610 2379 679 2449 οὔτε
702 2382 757 2460 τὰς
782 2383 852 2474 πρὸς
881 2384 951 2462 τοὺς
975 2379 1178 2474 προσήκοντας
1209 2381 1352 2474 διαφοράς
1382 2392 1480 2448 αἰτι-

219 2497 391 2569 άσασθαι
420 2507 528 2570 aoristi
561 2505 748 2570 infinitivum
783 2507 910 2588 plurimi
945 2509 1143 2573 emendando
1174 2507 1394 2583 sollicitabant,
1424 2505 1480 2568 sed

219 2645 352 2707 quorum
375 2646 467 2692 aures
489 2646 601 2690 vocum
618 2627 864 2691 modulationem
888 2628 1052 2706 callebunt‚
1076 2629 1104 2692 ei
1127 2647 1188 2709 qua
1203 2632 1366 2710 permotus
1388 2645 1481 2690 causa

219 2752 376 2810 αἰτιᾶσθαι
399 2748 536 2812 scribere
559 2749 702 2826 noluerit,
726 2755 838 2830 sponte
865 2749 1009 2828 sentient,
1036 2748 1072 2813 ci.
1096 2749 1229 2830 exempli
1260 2767 1353 2812 causa
1382 2748 1481 2810 233E

220 2869 324 2931 ἐκεῖνοι
337 2864 394 2956 γάρ
416 2871 466 2931 καὶ
481 2861 685 2956 ἀγαπήσουσιν
700 2871 750 2932 καὶ
767 2860 1026 2939 ἀκολουθήσουσιν
1046 2872 1095 2932 καὶ
1116 2872 1163 2932 ἐπὶ
1177 2864 1232 2943 τάς
1247 2860 1340 2955 θύρας
1354 2859 1482 2944 ἥξουσιν,

221 2991 270 3051 καὶ
302 2980 435 3074 μάλιστα
462 2981 651 3060 ἡσθήσονται
680 2992 730 3052 καὶ
757 2988 814 3075 οὐχ
841 2991 1002 3074 ἐλαχίστην
1031 2981 1116 3077 χάριν
1144 2994 1273 3052 εἴσονται
1303 2991 1354 3051 καὶ
1383 2982 1484 3050 πολλά

222 3103 329 3192 ἀγαθὰ
352 3107 453 3186 αὐτοῖς
474 3103 618 3184 εὔξονται.
665 3111 806 3174 eiusdem
829 3110 948 3192 figurae
976 3129 1069 3174 causa
1101 3129 1172 3173 eum
1202 3107 1309 3173 frenos
1338 3108 1483 3172 iniecisse

222 3230 357 3310 quodam
381 3230 450 3295 loco
474 3232 579 3295 cursui
602 3231 750 3295 orationis
773 3231 911 3294 invenio:
934 3230 1031 3294 233ss
1055 3235 1183 3292 τοιαῦτα
1204 3223 1260 3316 γὰρ
1288 3225 1302 3293 ὁ
1327 3233 1399 3316 ἔρως
1421 3230 1483 3290 ἐπι-

222 3341 385 3412 δείκνυται·
410 3343 689 3436 δυστυχοῦντας
712 3350 772 3436 μέν,
796 3349 816 3412 ἀ
838 3346 878 3436 μί.
901 3343 996 3421 λυπον
1018 3362 1080 3425 τοῖς
1102 3345 1205 3423 ἄλλοις
1225 3349 1357 3436 παρέχει,
1380 3344 1484 3436 ἀνιαρά

224 3480 300 3531 ποιεῖ
322 3462 463 3556 νομίζεινι
488 3471 741 3556 εὐτυχοῦντας
763 3464 798 3532 δὲ
820 3473 870 3534 καὶ
891 3467 932 3532 τά
955 3467 995 3556 μὴ
1016 3463 1124 3545 ’ἡδονῆς
1145 3463 1214 3544 ἀξια
1240 3468 1313 3557 παρ’
1338 3470 1485 3531 ἐκείνων

222 3590 339 3652 ἐπαίνου
355 3582 518 3678 ἀναγκάζει
538 3583 704 3678 τυγχάνειν,
728 3597 851 3672 poterat
874 3593 970 3656 eninr:
993 3590 1056 3678 παρ’
1084 3582 1292 3677 εὐτυχούντων
1316 3583 1350 3652 δὲ
1372 3591 1422 3651 καὶ
1443 3585 1485 3650 τά

223 3705 262 3793 μὴ
286 3703 394 3785 ἡδονῆς
418 3703 488 3785 ἀξια
511 3713 629 3774 ἐπαίνου
652 3704 813 3797 ἀναγκάζει
835 3704 1001 3798 τυγχάνειν.
1046 3713 1129 3776 idem
1153 3712 1265 3775 Plato
1293 3711 1325 3775 in
1348 3728 1483 3791 persona

222 3830 396 3895 Pausaniae
421 3832 564 3895 Convivii
586 3852 616 3913 p.
641 3833 764 3896 lSlDE
790 3833 828 3896 de
848 3831 957 3896 officiis
979 3838 1033 3894 τοῦ
1053 3834 1178 3918 ἐραστοῦ
1201 3834 1320 3894 καὶτοῦ
1337 3831 1482 3918 ἐρωμένου

221 3952 298 4016 haec
321 3951 457 4033 scripsit:
481 3949 554 4014 ὅταν
576 3957 615 4025 εἰς
634 3946 671 4012 τὸ
694 3946 768 4014 αὐτὸ
792 3955 922 4013 ἔλθωσιν
944 3943 1070 4037 ἐραστής
1102 3975 1137 4014 τε
1160 3954 1209 4014 καὶ
1238 3944 1372 4030 παιδικά,
1396 3944 1485 4037 νόμον

222 4077 301 4158 ἔχων
323 4064 461 4158 ἑκάτερος
484 4121 490 4135 .
513 4120 520 4134 .
543 4120 597 4149 ..,
620 4066 635 4132 ὁ
660 4069 712 4156 μὲν
733 4063 892 4156 δυνάμενος
915 4078 955 4146 εἰς
977 4063 1112 4158 φρόνησιν
1134 4074 1184 4134 καὶ
1197 4068 1253 4142 πλν
1268 4067 1362 4142 ἀλλην
1377 4068 1485 4159 ἀρετὴν

223 4183 441 4276 ξυμβαλέσθαι,
465 4185 480 4252 ὁ
505 4185 540 4252 δὲ
555 4184 693 4275 δεόμενος
715 4197 765 4264 εἰς
787 4184 938 4253 παίδευσιν
960 4194 1009 4254 καὶ
1024 4186 1078 4261 τάν
1094 4186 1189 4261 ἀλλην
1213 4193 1317 4278 σορίαν
1339 4198 1483 4270 κτᾶσθαι,

222 4301 294 4373 τότε
317 4303 354 4381 δὴ
376 4315 452 4390 κτλ,
476 4311 529 4374 ubi
544 4310 685 4391 plerique
701 4310 836 4373 editores
851 4309 984 4373 alterum
1002 4316 1041 4384 εἰς
1063 4309 1142 4374 falso
1163 4315 1358 4390 expungunt3
1381 4328 1483 4389 neque

224 4425 432 4519 ξυμβαλέσθαι
449 4430 620 4494 infinitivus
641 4431 756 4507 coristi,
778 4431 904 4511 optimis
918 4431 971 4494 ille
988 4431 1121 4494 traditus
1144 4431 1232 4493 libris
1253 4430 1483 4510 manuscriptis

223 4572 293 4617 cum
317 4551 505 4634 quibusdam
529 4550 702 4614 editoribus
727 4551 905 4628 mutandus
929 4557 964 4614 ut
985 4550 1039 4614 fiat
1063 4541 1291 4636 ξυρράλλεσθαι
1313 4549 1484 4614 infinitivus

223 4674 412 4755 praesentis:
435 4671 462 4734 is
485 4671 568 4734 enim
592 4689 661 4734 cum
686 4671 907 4751 grammaticae
930 4670 999 4752 lege
1022 4671 1211 4752 respondeat
1239 4669 1284 4732 illi
1306 4670 1360 4750 qui
1383 4671 1485 4750 sequi·

228 4799 279 4860 tur
302 4796 447 4872 κτᾶσθαι,
471 4791 614 4856 diversus
637 4797 685 4856 est
704 4792 858 4878 rhythmo,
880 4791 951 4855 vide
974 4791 1067 4874 paulo
1090 4798 1163 4859 ante
1192 4791 1231 4859 de
1253 4789 1388 4858 Phaedri
1417 4789 1485 4854 loco
