3410 5408
769 435 807 497 51

163 617 298 694 dictator,
321 641 459 682 cenenum
480 620 596 696 litator,
608 623 761 706 feriarum
773 622 996 704 promulqator3
1018 620 1152 684 maxime
1173 619 1276 683 haee:
1299 621 1338 682 26
1355 619 1419 682 An-

163 737 295 799 toninum
316 750 347 800 ut
368 739 457 802 solem
479 751 510 802 ut
531 741 618 815 dum,
643 751 673 802 ut
694 742 784 803 vitam
810 752 842 802 ut
866 741 1006 823 spiritum
1032 762 1100 802 amo
1127 739 1217 822 diliqo
1248 741 1348 802 amari
1374 761 1420 802 me

164 856 201 917 ab
231 877 262 918 eo
292 857 380 920 sentio
416 856 600 938 (tetracolon
633 877 703 921 cum
733 857 842 922 tricolo
874 856 1097 941 coniunctum).
1141 860 1180 922 29
1212 859 1266 940 (Μ.
1289 858 1418 942 Caesar)

163 974 236 1051 vale,
260 977 346 1039 decus
368 975 544 1060 eloquentiae
565 999 716 1060 romanae,
739 979 903 1040 amicorum
930 977 1037 1059 qloria,
1067 975 1145 1061 μέγα
1167 981 1304 1063 πρᾶγμα;
1334 978 1419 1041 borrw

163 1097 378 1171 iucundissime,
402 1097 501 1158 consul
521 1098 712 1179 amplissime,
736 1099 874 1180 maqister
903 1095 1067 1160 dulcissime
1095 1094 1157 1176 (bis
1178 1097 1282 1181 trina).
1327 1101 1367 1162 58
1389 1109 1421 1160 ut

164 1237 262 1278 omues
284 1217 389 1279 deinde
404 1215 557 1296 paulatim
577 1219 647 1280 vitia
669 1219 757 1280 insita
779 1227 924 1292 eruerent,
947 1217 1081 1279 virtutem
1108 1226 1295 1299 sectarentur,
1312 1219 1420 1298 probi-

164 1345 253 1398 tatem
275 1337 485 1410 condiscerent3
501 1338 622 1418 pudore
642 1337 866 1418 impudentiam,
890 1336 1023 1420 obsequio
1051 1335 1265 1410 contumeliam,
1289 1337 1419 1418 beniqni-

165 1463 223 1516 tate
255 1455 483 1518 malivolentiam
511 1467 721 1520 commutarent
751 1456 812 1537 (bis
839 1456 944 1538 trina).
994 1456 1052 1518 197
1082 1456 1147 1539 quis
1172 1456 1259 1539 sequti
1286 1457 1420 1519 torridae

165 1595 286 1636 messem
300 1575 522 1654 procrastinat?
544 1599 594 1639 nec
616 1599 674 1638 nou
696 1577 761 1660 quis
786 1576 966 1638 vindemiam
986 1585 1137 1634 maturam
1166 1597 1201 1636 vc
1228 1576 1420 1639 destillantem

163 1694 324 1774 propellit?
345 1717 397 1758 nec
417 1718 476 1758 non
498 1697 562 1781 quis
582 1707 696 1778 tempus
710 1707 859 1778 proroqot
875 1696 976 1776 pomis
991 1694 1108 1755 mitibus
1129 1704 1180 1754 aut
1192 1693 1322 1778 floribus
1335 1719 1419 1757 mar-

166 1813 338 1875 cescentibus
359 1827 411 1877 aut
425 1817 547 1900 fantus
567 1816 759 1878 ardentibus?
788 1815 941 1898 (tricolon,
971 1813 1060 1878 cuius
1086 1813 1214 1876 tertium
1243 1815 1419 1878 membrum

136 2007 139 2016 Ι
166 1935 198 1994 et
223 1932 328 2014 ipsum
354 1935 544 2016 tripartitum
572 1938 641 2018 est).
686 1937 747 1998 114
769 1935 849 1998 Zeno
876 1935 918 1996 ad
944 1933 1106 1996 merendum
1127 1933 1332 2014 planissimus,
1363 1937 1420 1998 So-

166 2061 259 2112 crates
271 2053 315 2114 ad
327 2055 545 2136 coarqueudum
560 2055 800 2136 captiosissimus,
817 2053 965 2135 Dioqenes
979 2053 1022 2114 ad
1037 2053 1279 2134 eaprobrandum
1290 2077 1420 2137 promp-
1530 2069 1531 2073 ’

165 2173 292 2234 tissimus
299 2194 311 2242 ;
341 2172 510 2236 Heraclitus
544 2173 687 2236 involvere
719 2174 828 2248 omnia,
857 2171 1029 2256 Pqtioqora
1061 2172 1203 2256 mirificus
1235 2173 1422 2236 clandestinis

166 2291 256 2374 siquis
277 2293 392 2356 sancire
413 2295 522 2369 omnia,
541 2292 739 2356 Clitomachus
753 2312 860 2372 anceps
881 2291 1050 2353 indubium
1071 2312 1175 2354 vocare
1189 2293 1298 2354 omnia.
1332 2293 1421 2376 quid-

165 2434 238 2473 nam
258 2412 349 2493 iqitur
375 2423 493 2494 aqerent
517 2413 567 2474 isti
594 2413 655 2493 ipsi
676 2411 888 2492 sapientissimi
908 2409 977 2484 veri,
1000 2410 1027 2472 si
1048 2411 1083 2472 de
1110 2432 1161 2472 suo
1192 2411 1313 2495 quisque
1340 2433 1422 2474 more

166 2541 252 2615 atque
273 2531 402 2594 instituto
425 2533 653 2595 deducerentur:
676 2532 813 2594 Socrates
830 2551 866 2591 ne
887 2541 1065 2611 coarqueret,
1082 2531 1162 2594 Zeno
1184 2551 1219 2593 ne
1240 2530 1425 2610 disceptaret,

167 2650 315 2732 Diopenes
344 2672 380 2713 ne
409 2653 589 2734 increparet;
623 2652 733 2736 nequid
758 2649 930 2734 Pptlvoqora
953 2650 1087 2727 sanciret,
1119 2649 1228 2733 nequid
1257 2647 1426 2711 Heraclitus

167 2771 364 2845 absconderet,
387 2771 496 2854 nequid
519 2771 721 2834 Clitomachus
742 2770 921 2852 ambiqeret?
944 2770 1104 2851 (quattuor
1119 2767 1236 2846 bricole,
1252 2768 1326 2832 bina
1339 2769 1425 2832 iuxta

169 2889 363 2973 composita).
406 2893 500 2970 atque
521 2889 598 2954 haec
619 2889 744 2971 quidem
767 2889 909 2970 exempla
930 2893 1051 2952 tantum
1078 2906 1141 2951 non
1169 2887 1273 2951 omnia
1302 2905 1339 2950 ex
1361 2887 1424 2968 epi-

170 3009 259 3074 stolis
287 3013 413 3090 sumpta
443 3027 513 3072 esse
547 3009 635 3088 scias,
668 3010 781 3090 quibus
819 3009 979 3073 Ciceronis
1012 3007 1212 3089 epistolarem
1244 3008 1425 3071 imitabatur

169 3128 391 3193 characterem:
414 3131 530 3208 quanto
552 3129 579 3192 is
601 3129 692 3211 plura
713 3131 745 3194 in
773 3128 966 3195 orationibus
995 3129 1139 3210 posuisse
1166 3129 1341 3192 censendus
1368 3133 1424 3192 est.

169 3253 262 3330 atque
284 3248 391 3330 magni
412 3265 484 3311 eum
507 3247 580 3312 talia
601 3249 784 3313 aestimasse
806 3250 854 3314 his
876 3250 953 3313 mibi
969 3249 1092 3314 videtur
1106 3249 1314 3314 demonstrari
1331 3248 1423 3312 locis:

170 3387 242 3433 nam
264 3367 439 3450 praeceptis
461 3367 501 3430 ad
523 3367 565 3430 Μ.
587 3367 782 3432 Antoninum
805 3370 844 3434 de
867 3369 1044 3451 eloquentia
1066 3368 1202 3432 datisne
1216 3369 1339 3452 frustra
1356 3389 1424 3432 neve

169 3500 274 3552 temere
295 3490 449 3551 uerborum
470 3497 562 3551 stmres
584 3500 763 3564 acervantur,
786 3490 838 3551 sed
858 3500 889 3550 ut
919 3500 1015 3552 certo
1037 3513 1077 3551 ac
1102 3489 1247 3552 sollerti
1272 3489 1422 3551 termino

170 3607 348 3668 uniantur
370 3607 478 3671 scribit
500 3609 542 3689 (p.
566 3610 638 3691 139)
662 3608 827 3689 eidemque
849 3609 962 3673 suadet
983 3620 1015 3670 ut
1036 3609 1100 3671 cola
1122 3631 1348 3692 synonymorum
1369 3631 1423 3670 ra-

169 3727 244 3788 tione
266 3737 380 3789 convert
401 3738 419 3790 ι.
443 3767 482 3775 -
505 3729 656 3792 Frontoni
677 3727 743 3792 fere
764 3729 903 3810 aequalis
923 3728 973 3793 vel
987 3747 1051 3792 non
1071 3727 1170 3792 multo
1185 3733 1287 3792 aetate
1301 3729 1355 3792 illo
1377 3729 1423 3792 in-

170 3844 265 3910 ferior
285 3846 477 3912 Minucius
499 3849 603 3912 Felix
626 3853 701 3928 erat,
717 3867 810 3930 quem
825 3853 954 3930 propter
969 3849 1029 3913 ista
1043 3867 1127 3912 nunc
1142 3848 1281 3929 disputo:
1303 3847 1422 3912 tricolis

171 3967 254 4030 enim
270 3966 323 4029 ille
340 3984 412 4030 eum
435 3969 467 4031 in
485 3969 614 4033 modum
634 3970 781 4047 abundat,
800 3973 835 4033 ut
855 3987 895 4033 ne
915 3969 1068 4034 Seilerum
1087 3968 1214 4049 quidem
1230 3967 1353 4048 fugerit,
1370 3967 1424 4047 qui

171 4086 390 4150 dissertatione
412 4087 575 4168 Augustae
596 4089 842 4154 Vindeliciorum
863 4109 890 4154 a.
907 4092 987 4153 1893
1012 4091 1095 4154 edita
1109 4088 1248 4168 volgaria
1270 4087 1422 4168 quaedam

172 4206 210 4270 de
233 4225 378 4271 sermone
399 4207 577 4271 Minuciano
604 4209 796 4290 conscripsit.
845 4209 1058 4290 exemplorum
1088 4213 1193 4271 autem
1221 4225 1292 4271 cum
1318 4211 1424 4271 tantus

172 4331 254 4390 extet
285 4345 448 4407 numerus,
482 4334 517 4393 ut
549 4329 707 4410 quaelibet
739 4330 784 4394 eis
816 4327 932 4393 referta
967 4331 1008 4393 sit
1039 4329 1167 4410 pagina,
1196 4342 1314 4408 paucos
1348 4325 1424 4389 satis

170 4445 292 4510 habebo
313 4447 399 4511 locos
421 4447 571 4512 attulisse.
613 4447 709 4522 bonu,
731 4447 833 4528 inquit
847 4450 932 4533 (5,8),
947 4460 973 4511 ιι
994 4449 1107 4511 animat
1129 4469 1212 4510 omrze
1233 4447 1313 4530 quod
1326 4448 1424 4510 nasci-

171 4576 219 4627 tur
240 4567 407 4646 inspirotur
428 4569 603 4650 attollitur-,
626 4567 831 4630 elementorum
854 4580 886 4630 ut
907 4569 1074 4632 uoluntaria
1095 4567 1236 4631 concretio
1251 4567 1336 4628 estin
1350 4588 1425 4650 quae

171 4707 288 4747 rursum
305 4685 391 4749 bomo
407 4698 433 4750 et
447 4687 561 4750 animal
582 4707 666 4749 omne
688 4687 830 4748 dividitur
853 4687 973 4750 solvitur
988 4689 1182 4769 dissipatur-,
1196 4688 1239 4748 ita
1260 4687 1292 4748 in
1306 4687 1423 4770 fontem

173 4803 298 4887 refluunt
319 4815 345 4865 rt
369 4805 402 4866 in
427 4815 513 4868 semet
544 4807 644 4869 omnia
681 4805 899 4882 revolvuntur-,
927 4807 1008 4869 nullo
1040 4807 1153 4890 artifice
1178 4827 1230 4869 neo
1257 4805 1353 4868 iudice
1373 4827 1425 4868 nec

1215 4934 1247 4986 4*
