3410 5408
792 427 830 490 19

182 625 257 692 ενοι,
288 614 342 676 ubi
372 632 441 676 curu
465 612 571 676 mullis
593 613 703 676 insana
724 618 858 692 temptat
879 611 1096 692 interpolatum
1127 615 1265 674 ceterum
1288 608 1445 672 Minucius

183 751 223 796 ne
244 733 341 796 nimia
362 733 452 796 fieret
473 733 654 810 similitude,
677 732 810 814 quaein
834 732 945 795 ceteris
972 731 1082 812 putide
1110 729 1289 810 exaequatis
1320 746 1444 808 exspec-

184 854 280 917 tanda
313 859 402 918 erant
428 853 524 917 verba
546 854 630 938 infero
660 875 712 916 roc
734 864 815 915 terra
845 852 920 915 scite
944 851 1084 915 mutavit.
1136 853 1185 928 5,8
1212 851 1298 912 homo
1325 860 1350 910 α
1378 849 1445 909 ανί-

184 975 246 1036 mal
275 997 359 1038 omne
389 975 469 1059 quod
502 974 633 1035 noscitur
660 975 827 1056 inspiratur
858 972 1073 1049 attollitur,
1107 971 1309 1033 cleorcntorum
1343 971 1445 1033 colun.-

185 1095 265 1157 εονίο
288 1095 429 1158 concretio
455 1104 494 1156 est
517 1111 543 1156 e.
565 1111 593 1172 q.
616 1112 639 1157 s.
661 1093 693 1156 in
715 1093 765 1156 his
785 1093 916 1157 verbum
941 1092 1026 1172 quod
1048 1096 1096 1155 est
1117 1091 1259 1154 attollere
1287 1091 1325 1154 de
1347 1111 1446 1172 puero

186 1214 358 1278 attollendo
387 1213 527 1294 intellegi
554 1231 618 1276 non
647 1231 741 1294 posse
776 1213 832 1276 sed
861 1213 1021 1276 crescendi
1051 1209 1276 1292 significatione
1306 1211 1447 1274 adhiberi

186 1340 323 1415 apparet,
339 1353 431 1415 quam
455 1337 584 1415 propter
605 1333 731 1414 passiva
758 1351 837 1414 quae
860 1313 1050 1396 antecedunt
1064 1330 1160 1395 verba
1181 1333 1290 1393 auctor
1306 1331 1446 1407 admisit3

189 1467 214 1516 et
244 1455 336 1516 ulitur
363 1455 500 1518 Ursinus
532 1453 652 1517 vitiose.
707 1455 775 1531 112
798 1476 906 1534 rrrrcrps
933 1453 1046 1514 ιιιαίυνυ
1074 1463 1100 1513 ct
1131 1451 1248 1532 paratino
1276 1452 1447 1528 (tarracone,

187 1577 266 1638 caclo
302 1585 327 1637 ct
356 1575 444 1636 ostris
471 1595 546 1658 quoe
572 1573 613 1634 sic
646 1573 838 1656 relinquimus
869 1583 900 1634 ut
934 1573 1125 1645 descernimus,
1158 1571 1307 1632 interitum
1335 1571 1447 1632 demm-

186 1696 287 1773 tr'orc-‚
321 1695 390 1756 sili
419 1695 544 1756 rrorrais
581 1694 725 1756 recollectis
760 1694 822 1777 qur’
853 1694 925 1755 sicut
958 1694 1144 1754 nesciatur·
1179 1703 1205 1752 rt
1239 1690 1448 1752 traiecimus-

186 1814 385 1876 aetcrm'totem
414 1791 626 1894 repromittere.
677 1810 840 1874 offendunt
869 1813 900 1875 in
932 1816 1087 1876 structura
1117 1810 1243 1874 insolita
1271 1828 1351 1891 quae
1383 1807 1448 1872 effi-

188 1935 267 1998 citur
288 1933 337 1996 his
359 1933 464 1996 verbis
486 1933 543 1994 stol
564 1980 571 1994 .
594 1979 601 1993 .
623 1931 675 2014 qul
692 1931 851 2008 renaseimur,
874 1930 959 1993 unde
981 1931 1146 1993 hominibus
1169 1931 1200 2012 (l.
1216 1949 1241 1994 e.
1263 1922 1353 2014 laoib')
1375 1931 1448 1994 ridi·

188 2055 256 2118 cule
272 2054 400 2136 quidam
418 2051 565 2133 corrupit.
599 2049 733 2130 primam
750 2067 917 2129 personam
935 2051 1042 2131 posuit
1056 2055 1185 2132 propter
1206 2068 1242 2113 ea
1259 2069 1339 2132 quae
1355 2069 1443 2131 prae-

188 2174 304 2237 cedunt
325 2173 430 2250 verba,
452 2173 590 2234 sibinen
611 2163 726 2232 ‘nobis‘
754 2174 884 2250 propter
905 2170 938 2233 id
958 2171 1043 2251 quod
1065 2171 1207 2251 sequitur
1228 2172 1449 2251 repromittere,

187 2297 223 2355 ut
253 2294 368 2366 ἑαυτοῖς
399 2291 519 2356 Graeci.
574 2293 641 2366 145
675 2290 755 2374 quod
784 2291 930 2374 utrimque
963 2291 1044 2353 oraui
1068 2292 1099 2352 in
1123 2291 1235 2372 rrcpotio
1270 2291 1450 2352 disseratur-

188 2423 213 2474 et
242 2435 277 2475 ea·
306 2413 401 2474 altero
433 2421 525 2493 purte
551 2411 729 2495 plerumque
762 2411 886 2472 obscura
914 2411 951 2472 sit
980 2411 1114 2488 veritos,
1144 2432 1179 2472 rac
1208 2409 1300 2471 altero
1337 2409 1450 2470 latare

189 2534 267 2594 mira
293 2531 464 2608 subtilitas,
491 2531 523 2593 in
556 2530 669 2610 quihus
699 2529 732 2592 id
762 2530 846 2610 quod
869 2529 935 2592 fere
965 2549 1074 2595 omnes
1102 2533 1258 2610 temptant
1281 2528 1369 2589 lotcrr
1396 2546 1449 2592 vo-

189 2650 334 2715 cabulum
375 2650 597 2730 complementi
634 2650 732 2712 instar
772 2668 842 2713 esse
883 2650 993 2713 harum
1028 2668 1134 2713 rerum
1175 2649 1263 2729 gnari
1302 2649 1450 2733 videns).

190 2773 258 2848 16‚5
286 2771 359 2832 solut
382 2793 480 2832 orienes
505 2770 635 2832 homines
661 2771 722 2832 sr'rre
751 2770 857 2832 dilectu
886 2771 989 2832 aetatis
1016 2793 1100 2834 sertus
1123 2770 1295 2850 dignitatis·
1325 2770 1450 2831 rationis

194 2917 422 2952 ..-.-.--ὶ

319 3011 346 3070 1)
366 3009 463 3062 Confer·
475 3008 634 3075 Dionysium
649 3007 680 3060 de
695 3024 780 3076 comp.
796 3007 866 3060 verb.
880 3010 895 3062 9
912 3001 978 3060 ἀλλά
994 3002 1042 3078 μήν
1054 3001 1090 3058 ὅτι
1101 3026 1128 3074 γε
1140 3008 1180 3058 καί
1195 3002 1339 3076 μετασκευὰς
1358 3009 1453 3077 δέχεται

190 3099 239 3149 τοῖν
256 3091 346 3148 κοίλων
364 3093 419 3160 ἔνια,
432 3092 489 3145 τοτὲ
508 3092 550 3162 μὲν
567 3088 713 3162 προσθήκας
730 3088 888 3163 λαμβάνοντα
911 3089 955 3145 υύκ
973 3089 1104 3160 ἀναγκαίας
1126 3091 1160 3154 ὠς
1177 3089 1237 3162 πρὸς
1254 3089 1296 3146 τὸν
1314 3097 1376 3161 νοῦν,
1394 3095 1454 3147 τοτὲ

189 3179 210 3234 δ’
230 3179 361 3252 ἀφαιρέσεις
380 3177 457 3244 ἀτελῆ
474 3174 587 3239 ποιούσας
605 3175 649 3246 τήν
668 3175 779 3247 διάνοιαν,
804 3177 832 3240 ἀς
856 3176 899 3232 ούκ
923 3173 1002 3232 ἀλλον
1022 3175 1082 3240 τινὸς
1109 3181 1175 3232 ἕνεκα
1193 3183 1286 3233 ποιοῦσι
1307 3183 1404 3248 ποιηταί
1428 3202 1453 3235 τε

188 3271 229 3321 καί
246 3271 389 3338 συγγραφεῖς
406 3261 423 3332 ή
441 3266 484 3331 τῆς
503 3262 619 3336 ἁρμονίας
634 3264 663 3318 ἵν’
682 3265 752 3334 ήδεῖα
769 3268 809 3319 καί
827 3261 889 3333 καλή
910 3267 1011 3334 γένοιτο,
1029 3263 1090 3319 πάνυ
1111 3263 1198 3334 ὀλίγοις
1212 3271 1258 3319 δεῖν
1272 3267 1353 3338 σ’ίομαι
1367 3264 1452 3336 λόγου.

188 3355 221 3415 τίς
240 3349 288 3423 γάρ
308 3349 351 3405 ούκ
369 3349 398 3405 ἀν
417 3349 578 3423 ὁμολογήσαι,
599 3350 669 3420 τήνδε
687 3349 731 3421 τήν
748 3355 817 3420 λέξιν,
833 3351 862 3422 ήν
879 3354 1041 3424 Δημοσθένης
1065 3355 1149 3424 είρηκε,
1167 3351 1301 3426 προσθήκῃ
1320 3351 1454 3416 πλεονάζειν

190 3437 234 3492 ούκ
252 3437 371 3508 ἀναγκαίᾳ
389 3441 432 3506 τῆς
451 3437 567 3510 ἁρμονίας
586 3441 664 3492 ἕνεκα·
690 3438 703 3492 ὁ
727 3436 784 3510 γάρ
809 3436 852 3502 οἷς
874 3438 907 3494 άν
931 3436 988 3508 ἐγώ
1011 3442 1165 3511 ληφθείην
1182 3445 1280 3494 ταῦτα
1302 3437 1454 3510 πράττων

188 3528 240 3579 καί
273 3523 596 3596 κατασκευαζόμενος,
631 3515 715 3588 οὗτος
752 3527 822 3598 έμοί
856 3529 1001 3598 πολεμεῖ,
1026 3525 1081 3580 κάν
1115 3524 1203 3598 μήπω
1239 3525 1337 3601 βάλλῃ
1373 3531 1454 3600 μηδὲ

190 3609 310 3685 τοξεύῃ·
330 3609 481 3682 βραχύτερον
499 3615 543 3666 τοῦ
562 3614 658 3674 δέοντος
676 3611 704 3666 δν
722 3617 762 3667 καί
784 3612 832 3686 οὐχ
849 3611 895 3682 ήδύ
915 3612 1067 3682 ἀκουσθῆναι
1083 3619 1114 3688 τῇ
1131 3612 1265 3688 προσθήκῃ
1287 3613 1362 3689 ταύτῃ
1387 3618 1454 3686 γεγέ·

188 3719 257 3766 νηται
274 3700 431 3770 χαριέστερον
451 3701 630 3767 (nobilissima
655 3702 844 3757 Demosthenis
872 3704 995 3773 periodus
1019 3708 1129 3774 propter
1156 3706 1302 3758 clausulam
1328 3708 1453 3760 creticam

188 3788 308 3854 graviter
325 3788 515 3852 incedentem).
558 3789 599 3840 aori
627 3785 659 3839 έτι
682 3782 726 3854 τήν
744 3784 903 3856 Πλατωνικήν
930 3788 1016 3854 ἐκείνην
1038 3789 1156 3857 περίοδον,
1180 3785 1210 3856 ήν
1233 3788 1256 3842 ἐν
1281 3793 1318 3864 τῴ
1337 3791 1453 3862 ἐπιταφίῳ

189 3870 201 3924 ὁ
220 3868 282 3942 ἀνήρ
300 3868 393 3942 γράφει,
412 3875 446 3934 τίς
464 3871 508 3926 οὐκ
527 3870 558 3926 ἀν
577 3875 634 3944 φαίη
654 3872 929 3946 παραπληρώματι
947 3875 1033 3936 λέξεως
1047 3872 1089 3927 οὐκ
1104 3872 1229 3946 ἀναγκαίῳ
1243 3879 1455 3946 προσηρανίσθαις

190 3957 284 4028 ἔργων
303 3955 364 4028 γάρ
385 3951 414 4012 εύ
432 3959 641 4029 πραχθέντων
657 3964 660 4030 Ι
676 3957 763 4032 λύγῳ
786 3964 888 4023 καλοῖς
910 3962 1036 4034 ῥηθέντι
1058 3968 1061 4029 Ι
1083 3958 1187 4032 μνήμη
1206 3965 1257 4016 καί
1275 3959 1391 4036 κόσμος
1409 3967 1455 4033 γί-

189 4048 374 4116 νεταιΙτοῖς
400 4044 532 4115 πράξασι
560 4043 641 4117 παρά
673 4051 735 4101 τοῖν
761 4045 975 4102 ἀκουσάντων.
1019 4044 1078 4117 πρὸς
1106 4045 1175 4101 οὐδὲν
1193 4045 1324 4117 ἀναγκαῖον
1351 4051 1453 4120 λέγεται,

189 4130 246 4186 ἀλλ’
263 4135 303 4186 ἵνα
323 4130 352 4187 τὸ
370 4134 505 4186 τελευταῖον
522 4135 605 4186 κιῑλον
622 4130 651 4188 τὸ
681 4140 746 4196 τοῖς
771 4132 905 4205 πράξασι
932 4131 1033 4206 πάρισόν
1062 4155 1087 4187 τε
1104 4137 1144 4187 καί
1170 4131 1304 4206 ἐφάμιλλον
1332 4143 1381 4199 τοῖς
1407 4137 1455 4209 πρδ

190 4216 264 4272 αὐτοῦ
281 4221 378 4288 γένηται
394 4224 533 4287 (nimirum
549 4240 595 4291 per
605 4220 730 4290 εἰρωνείαν,
750 4227 781 4276 ut
800 4225 877 4288 solet,
889 4225 1027 4278 Menexeni
1041 4227 1135 4276 auctor
1152 4240 1229 4292 quem
1244 4226 1384 4280 Platonem
1400 4246 1456 4282 esse

189 4309 257 4361 mihi
274 4325 430 4378 persuasum
449 4313 498 4374 est,
517 4303 643 4377 γοργιοίζει.
681 4313 745 4363 nota
763 4312 845 4364 etiam
864 4311 1010 4364 clausulam
1028 4301 1205 4370 Lol-stt
1225 4313 1257 4366 cf.
1277 4331 1297 4366 c.
1315 4316 1356 4368 22.
1405 4317 1456 4370 alio

190 4397 246 4448 loco
266 4394 312 4461 (do
331 4395 411 4448 lsoer.
431 4397 459 4457 3)
486 4395 632 4449 Isocratem
652 4399 768 4450 numeris
787 4397 866 4449 nimis
890 4397 1049 4449 servientem
1074 4393 1352 4469 παραπληρώμασι
1370 4400 1457 4464 λέξεων

190 4477 258 4534 oleis
281 4477 434 4551 ὠφελουσῶν
456 4482 569 4550 χρῆσθαι
587 4483 627 4533 καί
645 4477 806 4553 ἀπομηκύνειν
824 4482 885 4552 πέρα
904 4483 949 4534 τοῦ
975 4483 1098 4553 χρησίμου
1117 4479 1251 4552 τὸνλόγον
1277 4488 1393 4556 exponit,
1422 4489 1456 4542 cf.

190 4571 270 4622 etiam
290 4569 322 4622 de
340 4570 366 4622 vi
382 4569 565 4623 Demosth.17
585 4587 633 4638 sq„
654 4571 700 4623 ubi
718 4571 943 4639 elegantissimam
964 4573 1095 4640 quandam
1108 4573 1237 4627 Isocratis
1255 4573 1392 4641 periodum
1408 4592 1454 4643 pro

190 4670 261 4708 moro
280 4672 332 4724 quo
351 4657 392 4708 uti
410 4655 478 4707 solet
495 4655 654 4710 scholastico
675 4657 704 4710 in
724 4661 814 4726 partes
833 4658 968 4725 discerpit.
1007 4657 1151 4726 Gregorius
1169 4661 1306 4728 Nysseuus
1334 4662 1402 4715 libro
1422 4667 1457 4716 ad

190 4741 256 4793 talia
277 4741 461 4808 cognoscenda
484 4741 629 4809 philologis
647 4745 704 4795 tum
725 4743 788 4796 utili
807 4759 885 4812 quam
905 4745 1036 4810 neglecto,
1057 4762 1108 4813 quc
1127 4746 1155 4798 in
1179 4747 1342 4800 Eunomium
1364 4749 1458 4801 haere-

189 4826 274 4880 ticum
292 4829 320 4880 et
337 4827 486 4895 sophistam
505 4827 641 4881 invehitur
659 4829 673 4882 I
692 4830 783 4884 4520
812 4823 928 4898 καθάπερ
947 4823 994 4898 γάρ
1022 4827 1059 4881 ἐπὶ
1086 4832 1137 4883 τῶν
1164 4830 1397 4904 καλλιγραφούντων
1415 4829 1456 4887 τύν

1245 4947 1276 4999 2*
