3410 5408
826 1251 853 1323 I.

336 1419 458 1484 Octavii
480 1420 596 1500 dialogi
618 1419 700 1483 felici
721 1420 856 1500 quodam
881 1424 995 1482 eventu
1023 1418 1062 1482 ad
1086 1423 1195 1481 nestra
1216 1437 1316 1499 usque
1343 1418 1467 1482 saecula

210 1541 375 1620 propagati
402 1540 587 1603 memoriam
618 1540 898 1620 quotienscumque
928 1557 1052 1602 mecum
1081 1537 1194 1614 recole,
1222 1539 1302 1602 mira
1327 1539 1466 1602 31111111

207 1658 354 1740 perfundi
388 1660 490 1724 sentio
516 1660 693 1724 dulcedine:
727 1679 764 1724 ea
796 1660 848 1722 ille
882 1664 930 1724 est
959 1665 991 1724 et
1015 1660 1141 1740 linguae
1172 1659 1379 1724 nitidissimae
1406 1659 1467 1722 ele·

209 1781 314 1860 gantia
336 1786 368 1844 et
389 1781 566 1860 argumenti
589 1781 766 1860 gravissimi
788 1781 980 1844 auctoritate.
1024 1799 1086 1861 quo
1109 1781 1209 1860 magis
1231 1779 1386 1856 erunibus,
1414 1780 1467 1860 qui

208 1899 306 1964 bonas
333 1899 454 1964 litteras
482 1901 556 1964 nevi
585 1901 724 1964 numinis
752 1901 888 1964 adventu
920 1919 983 1964 nen
1018 1901 1176 1964 exaruisse
1209 1900 1311 1964 sciunt
1343 1899 1399 1962 sed
1428 1917 1466 1962 ee

207 2019 319 2082 laetius
351 2017 534 2098 effloruisse,
563 2019 732 2084 dolendum
757 2023 813 2098 est,
849 2039 919 2084 cum
948 2020 987 2082 de
1016 2019 1279 2118 praestantissimi
1307 2018 1467 2099 scriptoris

206 2143 309 2202 aetate
341 2138 420 2202 adeo
454 2156 517 2201 nen
551 2143 694 2202 constare
727 2139 867 2217 videant,
900 2140 934 2203 ut
963 2140 1024 2203 tria
1053 2139 1120 2202 fere
1152 2139 1265 2202 abhinc
1295 2137 1418 2200 saecula
1448 2157 1467 2200 3

207 2261 282 2324 viris
299 2259 488 2323 doctissimis
505 2259 544 2322 de
559 2259 697 2322 Minucio
714 2265 745 2322 et
756 2259 956 2338 Tertulliano,
973 2263 1043 2322 uter
1058 2259 1191 2322 alterum
1213 2263 1315 2322 aetate
1331 2265 1467 2339 superet,

206 2379 276 2461 pari
298 2379 412 2456 studio,
428 2383 543 2443 eventu
566 2379 690 2442 diverse
706 2379 908 2461 disceptetur.
941 2399 1043 2461 neque
1065 2379 1191 2442 hercule
1218 2379 1287 2443 leve
1310 2384 1466 2443 certamen

208 2499 358 2579 exiguave
392 2498 628 2562 demonstrandi
662 2498 776 2578 gloria:
811 2499 997 2580 gravissima
1035 2499 1118 2562 enim
1157 2517 1208 2562 res
1248 2499 1361 2579 agitur,
1397 2499 1468 2579 quis

207 2617 348 2680 emnium
378 2619 499 2698 primus
530 2617 738 2682 Christianam
774 2618 958 2701 religionem
990 2639 1009 2684 a
1039 2620 1183 2700 superbis
1215 2619 1466 2682 adversariorum

207 2737 371 2800 calumniis
397 2737 606 2818 malignisque
637 2738 868 2819 suspicionibus
903 2738 1000 2801 latina
1026 2739 1134 2819 lingua
1163 2739 1244 2802 clare
1274 2737 1468 2802 defensitarit

207 2857 380 2938 ceterisque
403 2858 457 2938 qui
477 2858 573 2938 lenge
590 2859 714 2938 agmine
741 2863 915 2940 sequuntur
937 2865 1123 2939 argumenta
1146 2859 1382 2940 dispositionem
1398 2860 1468 2939 ipsa

206 2977 302 3040 verba
327 2979 544 3058 suppeditant.
588 2983 681 3058 atque
710 2997 780 3042 cum
807 2979 840 3041 in
862 2979 1051 3042 immensum
1084 2980 1238 3044 creverint
1263 2997 1343 3059 quae
1373 2979 1467 3042 huius

207 3097 399 3176 quaestionis
427 3098 646 3162 dissolvendae
675 3119 770 3164 causa
799 3100 974 3180 conscripta
1004 3106 1078 3162 sunt
1107 3099 1275 3176 volumina,
1305 3099 1332 3161 si
1361 3099 1467 3162 omnia

206 3215 319 3280 vellem
335 3235 528 3296 enumerare,
551 3237 653 3300 neque
673 3219 741 3299 ipse
764 3239 848 3283 nunc
870 3219 1004 3281 multum
1027 3219 1101 3283 inde
1119 3220 1313 3300 perciperem
1329 3216 1466 3282 fructum

206 3340 238 3398 et
261 3336 287 3399 si
311 3337 364 3416 qui
385 3336 465 3400 ferte
487 3336 565 3401 baec
587 3337 697 3403 lecturi
716 3346 822 3404 essent
851 3340 896 3402 eis
918 3339 1057 3403 taedium
1080 3335 1238 3400 afferrem:
1268 3340 1373 3417 itaque
1395 3356 1466 3402 cum

205 3455 377 3520 noluissem
401 3474 519 3535 omnes
548 3475 689 3524 summos
711 3461 874 3525 nominare
897 3459 1053 3536 constitui,
1076 3476 1210 3538 querum
1231 3457 1338 3522 labore
1362 3457 1465 3522 studio

207 3575 323 3640 iudicio
345 3577 561 3657 quaestionem
577 3577 662 3652 illam
677 3578 781 3660 aliquo
797 3580 892 3643 modo
908 3579 1048 3642 viderem
1065 3595 1135 3642 esse
1150 3585 1337 3658 promotam.
1373 3586 1466 3659 atque

206 3696 417 3762 Balduinus
448 3699 590 3778 quidem,
621 3699 674 3778 qui
704 3699 829 3762 saecule
860 3700 981 3763 decimo
1017 3702 1113 3762 sexto·
1139 3699 1260 3778 primus
1290 3699 1464 3762 Minucium

205 3817 288 3881 vitae
310 3835 346 3881 ac
367 3817 478 3881 lumini
500 3819 637 3882 reddidit
658 3837 715 3900 per
736 3819 832 3882 medii
854 3819 923 3882 aevi
946 3823 1089 3898 tempora
1111 3818 1196 3898 turpi
1221 3820 1368 3884 sodalicio
1391 3839 1462 3882 cum

206 3937 348 4002 Arnebio
361 3956 521 4016 conexum,
530 3939 715 4020 Hieronymi
727 3939 862 4020 quedam
876 3937 1012 4002 confisus
1026 3939 1206 4002 testimonio
1220 3958 1293 4002 mex
1306 3937 1465 4003 afferendo

205 4057 431 4122 Tertullianum
454 4059 591 4122 Minucio
612 4059 749 4140 priorem
776 4077 846 4122 esse
866 4058 1063 4136 existimavit,
1082 4076 1184 4138 neque
1207 4059 1371 4139 quisquam
1396 4077 1465 4122 sen-

204 4178 320 4241 tentiae
335 4178 537 4259 pervulgatae
553 4179 718 4242 oblocutus
734 4184 789 4256 est,
807 4179 906 4242 donec
923 4177 947 4242 C
963 4176 1029 4241 fere
1044 4178 1135 4241 annis
1150 4183 1223 4259 pest
1237 4178 1466 4242 Blendelius

158 4351 159 4354 ,
204 4296 463 4379 Dallaeusque
486 4298 682 4380 Francogalli
704 4279 736 4362 ct
757 4298 982 4363 Dedwellus
1004 4297 1128 4378 Anglus
1151 4303 1259 4361 centra
1281 4297 1465 4374 niterentur,

204 4434 338 4495 quorum
360 4422 695 4500 31811611331766
718 4419 824 4500 paullo
847 4419 1021 4483 accuratius
1050 4423 1215 4482 exsecutus
1242 4424 1290 4482 est
1313 4416 1465 4480 Danielus

203 4555 275 4601 van
298 4537 430 4603 Heven
452 4539 591 4604 Batavus
603 4541 636 4624 ¹),
659 4539 709 4606 cui
731 4543 857 4620 practer
879 4543 1000 4602 eeteros
1023 4537 1059 4602 B.
1077 4539 1233 4620 Georgius
1254 4537 1464 4621 Niebuhr2)

126 919 169 974 Γ

126 993 146 1022 ο

117 1093 149 1416 ἑ

125 1435 149 1488 Δ

327 4729 354 4793 l)
375 4729 535 4797 Campensis
552 4729 607 4782 sive
625 4731 772 4800 spicilegia,
783 4728 1053 4797 critico-antiquaria,
1073 4729 1181 4798 Campis
1201 4729 1276 4784 1766.

327 4815 357 4881 2)
375 4814 418 4870 Kl.
436 4814 500 4868 hist.
519 4832 545 4870 1.
564 4816 656 4884 philol.
677 4817 761 4882 Sebr,
783 4817 841 4870 coll.
861 4816 909 4869 alt.
927 4831 953 4884 p.
973 4815 1006 4869 52
1024 4830 1082 4884 sqq.

669 4973 939 5078 15311111
