3410 5408
828 408 867 470 61

744 495 953 504 -—-—-—-

221 589 350 652 homines
379 593 482 656 accior
506 594 612 678 ferant
651 605 677 657 ct
707 617 795 677 saepe
833 596 995 676 respicens,
1031 593 1076 657 sic
1099 592 1231 658 Cicero
1268 617 1311 657 or.
1338 593 1472 675 Philipp.

222 709 269 775 IV
293 712 332 774 16
355 723 499 796 quantum
520 736 592 775 cura
614 714 714 776 labore
734 715 840 797 rapitis
859 715 863 796 Ι
883 715 1054 776 auctoritate
1075 714 1195 776 consilio
1216 713 1272 776 triti
1297 725 1383 797 atque
1404 715 1473 798 effi-

222 849 284 891 cere
299 840 414 912 potero,
437 831 481 896 sic
500 832 606 896 rhetor
628 833 753 913 quidam
776 834 860 916 apud
883 833 1062 898 Senecam
1083 843 1172 896 contr.
1195 851 1258 896 exc.
1279 833 1394 899 VIlll
1416 856 1473 896 non

215 948 290 1030 fecit
309 951 494 1033 socrilepiom
515 953 630 1030 mulier,
650 976 707 1015 αοιι
722 954 798 1035 ferat
819 976 902 1030 onas,
916 975 974 1015 non
989 953 1065 1036 fecit
1079 953 1192 1029 orbato,
1211 953 1216 1032 Ι
1235 973 1294 1013 aon
1308 953 1384 1035 fecit
1398 974 1473 1036 quac

221 1069 390 1147 custoditur,
422 1093 480 1133 eon
505 1072 580 1156 fecit
609 1095 684 1156 quoe
715 1075 874 1157 coafitetur,
907 1073 952 1136 sic
978 1073 1063 1153 apud
1095 1069 1377 1136 Tertullianum
1406 1075 1473 1136 adv.

232 1185 294 1248 Vol.
318 1189 338 1251 8
360 1188 563 1270 Phosphorus
585 1190 690 1255 rhetor
712 1192 838 1272 quidam
867 1192 991 1270 latinus,
1019 1211 1089 1256 oum
1116 1192 1217 1256 virum
1243 1189 1356 1257 fortem
1383 1213 1473 1275 pero·

222 1311 314 1385 reret,
338 1308 414 1373 haec
443 1310 557 1374 dixisse
585 1307 700 1374 fertur:
729 1313 810 1373 οαιίο
831 1313 873 1372 ad
900 1334 957 1389 eos,
978 1312 1084 1392 optimi
1102 1313 1182 1390 αὐεο,
1211 1313 1248 1374 de
1270 1313 1385 1393 proelio
1407 1337 1472 1376 cum

222 1428 343 1490 victorio
364 1452 438 1507 arca,
461 1453 527 1492 cum
541 1430 686 1514 felicitate
700 1441 803 1508 vestra,
818 1431 980 1512 ampliatus
992 1431 1137 1513 ploriosas
1144 1432 1328 1515 fortunatus,
1348 1436 1352 1512 Ι
1371 1435 1471 1497 maci-

222 1571 287 1609 mos
319 1549 522 1630 crturnpuau's,
551 1550 665 1632 quibus
694 1550 809 1614 auditis
838 1549 1014 1614 scholastici
1043 1567 1079 1612 err
1108 1549 1226 1614 familia
1256 1550 1389 1616 rhetoris
1418 1559 1473 1638 φεῦ

222 1667 444 1747 acclamarunt,
469 1688 583 1751 nempe
609 1673 738 1751 propter
768 1669 885 1751 figuras
918 1669 1151 1749 clausulamque
1182 1669 1401 1750 rhythmicam;
1429 1673 1474 1736 sic

222 1789 307 1867 apud
328 1787 529 1853 ‘Achillem
564 1790 713 1853 Tatium
744 1808 774 1870 p.
805 1791 916 1867 151,15
956 1788 1130 1875 ἐμεμέριστο
1170 1793 1292 1864 πολλοῖς
1322 1787 1386 1873 ἅμα
1418 1787 1474 1861 τὴν

223 1900 327 1993 ψυχήν,
355 1900 434 1971 αἰδοῖ
460 1911 509 1970 καὶ
536 1907 606 1993 ὀργῆ
630 1911 680 1970 καὶ
706 1911 793 1994 ἔρωτι
827 1910 877 1970 καὶ
910 1900 1088 1988 ζηλοτυπία·
1120 1899 1267 1992 Ἰσχόνετο
1297 1905 1349 1971 τὸν
1372 1905 1472 1998 ἄνδρα,

223 2019 364 2113 ὠργίζετο
385 2038 447 2100 τοῖς
467 2018 643 2112 γράμμασιν,
664 2029 667 2105 Ι
687 2021 703 2088 ό
726 2030 797 2112 ἔρως
819 2018 954 2112 ἐμάραινε
969 2022 1024 2096 τόν
1045 2019 1142 2113 ὀργήν,
1165 2019 1275 2100 ἐξῆπτε
1301 2024 1353 2092 τὸν
1376 2033 1473 2116 ἔρωτα

221 2139 240 2214 ἡ
262 2137 436 2224 ζηλοτυπία,
459 2149 509 2208 καὶ
530 2146 618 2220 τέλος
639 2138 799 2232 ἐκράτησεν
821 2141 836 2208 ὁ
860 2150 938 2232 ἔρως.
982 2146 1038 2210 sed
1059 2151 1092 2209 et
1114 2145 1191 2210 haec
1212 2147 1353 2228 exempla
1374 2167 1474 2229 pauca

222 2269 295 2329 sunt
322 2283 381 2329 nec
407 2265 455 2328 his
481 2264 573 2345 plura
601 2284 646 2344 ea,
678 2266 791 2346 quihus
821 2265 916 2346 quina
942 2264 1094 2330 vocabula
1122 2265 1231 2328 ordine
1258 2286 1321 2331 non
1351 2268 1473 2349 digesto

221 2387 396 2464 ponuntur:
418 2384 492 2448 talia
513 2385 702 2448 Minucius
724 2385 945 2466 Appuleius
967 2384 1230 2450 Tertullianus
1259 2405 1322 2451 non
1348 2389 1473 2468 habent,

221 2505 363 2568 Fronto
393 2504 552 2568 rarissime
578 2509 614 2567 ut
639 2524 669 2585 p.
691 2507 711 2568 8
732 2506 794 2566 σιἠι
820 2505 949 2567 homines
977 2507 1128 2586 ambipant
1154 2507 1300 2568 desserant
1325 2508 1472 2588 dispareat

221 2625 374 2687 coniectent
400 2627 553 2708 reperirent
582 2622 631 2706 (cf.
653 2641 683 2704 p.
707 2626 745 2686 16
773 2628 805 2686 et
826 2625 888 2707 50),
918 2624 1058 2688 rhetores
1087 2624 1175 2688 latini
1203 2625 1288 2706 apud
1324 2625 1473 2691 Senecam

221 2743 318 2806 semel
341 2743 443 2824 (contr.
466 2743 496 2807 X
519 2745 581 2828 3,3)
603 2744 682 2806 dona
695 2743 807 2828 filiam,
830 2745 857 2806 α’
873 2744 1039 2806 misericors
1058 2766 1097 2820 ce,
1121 2745 1305 2826 deprecanti3
1328 2747 1472 2830 athesae,

221 2862 327 2935 edicta·
359 2863 386 2922 ei
408 2872 506 2942 poter,
535 2872 673 2938 catarrum
706 2862 733 2924 si
756 2862 846 2922 iodea
872 2883 993 2934 causae3
1015 2863 1042 2923 si
1059 2862 1154 2924 iratus
1181 2885 1209 2924 ea
1222 2865 1336 2948 fratem
1365 2864 1473 2930 Cice·

221 2981 324 3044 renis
347 2980 523 3061 exemplum
549 2979 625 3042 mihi
660 2979 766 3044 notavi
792 2979 922 3057 nullum,
950 2983 1033 3042 certe
1062 2985 1117 3042 aut
1145 2997 1273 3060 perraro
1300 2987 1356 3046 aut
1382 3002 1473 3047 num·

220 3121 313 3183 quam
335 3103 379 3165 ita
396 3101 518 3164 locutus
538 3104 601 3178 est;
624 3117 682 3162 nec
701 3116 738 3162 eo
755 3099 880 3179 saepius
901 3098 1022 3175 Graeci,
1038 3098 1136 3162 veluti
1154 3099 1310 3164 Lucienus
1325 3120 1418 3182 quem
1439 3103 1472 3166 in

221 3221 445 3285 declamatione
467 3219 506 3282 de
532 3217 726 3300 tyrannicida
752 3216 858 3280 habita
882 3221 930 3280 tot
957 3217 1067 3280 tricola
1093 3218 1304 3300 tetracolaque
1330 3223 1474 3302 posuisse

220 3341 356 3405 vidimus
378 3339 473 3420 quina
494 3339 645 3403 vocabula
665 3342 713 3401 ter
735 3337 907 3401 coniunxit:
939 3339 977 3400 18
999 3331 1055 3407 την
1083 3329 1176 3424 φύσιν,
1208 3333 1263 3408 τὴν
1289 3331 1392 3417 λύπην,
1418 3335 1474 3410 τὴν

220 3452 398 3545 ἀπόγνωσιν,
429 3455 482 3521 τόν
512 3451 612 3545 φόβον,
640 3453 694 3532 τὰς
721 3459 768 3520 ἐπὶ
799 3463 862 3520 τῶν
894 3447 1067 3540 μελλόντων
1100 3450 1222 3531 ἐλπίδας
1250 3449 1371 3544 χρόνων,
1400 3459 1474 3522 ibid.

221 3574 344 3653 ἄτεκνος
360 3578 561 3664 λελυπημένος
583 3571 758 3665 ὀδυρόμενος
774 3569 909 3664 δακρύων
930 3568 1136 3651 πεπενθηκώς.
1173 3581 1212 3640 22
1228 3570 1318 3640 πόσαι
1339 3569 1477 3652 κολάσεις

222 3705 336 3779 ταῦτα;
369 3691 448 3762 πόσα
478 3690 651 3785 apocopam
683 3689 771 3761 πόσοι
800 3689 942 3775 durarem
973 3688 1064 3759 πόσαι
1096 3697 1347 3783 τυραννοκτονίαις
1385 3689 1477 3759 πόσαι

222 3812 346 3906 δωρεαῖς
374 3858 415 3868 -
449 3817 532 3882 Sena
559 3818 609 3882 vel
638 3822 767 3898 septena
796 3817 846 3881 vel
873 3817 953 3880 adeo
982 3815 1074 3898 plura
1099 3816 1251 3881 vocabula
1277 3817 1316 3880 ab
1349 3817 1476 3896 optimis

222 3939 401 4004 auctoribus
431 3939 475 4002 ita
497 3939 689 4020 digeruntur,
711 3941 747 4000 ut
767 3941 857 4000 terna
879 3941 1068 4018 quaternave
1090 3936 1246 4000 artissime
1270 3937 1352 4000 inter
1374 3955 1408 4000 se
1429 3937 1475 4000 in-

223 4059 322 4124 vicem
344 4062 553 4136 conectantun
575 4058 663 4122 cuius
685 4057 731 4120 rei
752 4055 894 4137 exempla
917 4075 1012 4138 supra
1033 4055 1126 4120 allata
1148 4063 1222 4120 sunt
1242 4056 1419 4139 plurima1).

349 4284 376 4348 1)
394 4281 513 4333 Heroum
531 4279 638 4332 nomina
656 4295 738 4331 unum
765 4283 793 4331 et
810 4278 908 4344 viginti
926 4281 1020 4332 auctor
1037 4279 1165 4347 prooemii
1191 4280 1342 4347 cynegetici
1364 4280 1477 4348 pseudo-

224 4367 401 4436 renophontei
420 4367 488 4435 (12)
505 4365 545 4418 ita
558 4364 677 4431 digessit,
694 4367 725 4417 ut
737 4365 834 4433 septies
850 4367 945 4419 fierent
958 4366 1042 4427 trina;
1062 4381 1113 4433 quo
1133 4367 1164 4419 de
1176 4366 1310 4435 prooemio
1328 4365 1477 4420 hisdiebus

223 4453 449 4508 Radermacherus
467 4469 533 4505 mus.
552 4451 637 4505 Rhea.
655 4453 705 4504 vol.
723 4451 775 4504 LII
793 4468 818 4521 p.
837 4452 871 4508 26
889 4468 947 4522 sqq.
984 4453 1084 4520 optime
1104 4452 1237 4517 disseruit,
1252 4454 1304 4506 nisi
1316 4453 1387 4522 quod
1405 4457 1477 4507 errat

224 4542 252 4594 in
270 4540 457 4608 rhythmorum
474 4537 615 4604 generibus
633 4537 803 4600 definiendis;
830 4539 858 4590 id
874 4538 1038 4606 prooemium
1066 4539 1121 4592 fere
1144 4539 1283 4594 Commodi
1307 4539 1476 4608 imperatoris

224 4630 313 4680 aetate
342 4625 522 4694 conscriptum
549 4640 605 4678 esse
632 4625 696 4678 alibi
723 4625 915 4678 demonstrabo.
935 4654 967 4663 —
996 4625 1121 4679 Ceterum
1139 4624 1210 4678 idem
1234 4643 1258 4679 v.
1278 4625 1303 4679 d.
1321 4627 1339 4678 l.
1358 4642 1381 4682 c.
1399 4643 1424 4694 p.
1443 4627 1475 4681 37

224 4713 409 4782 Xenophontis
427 4710 574 4779 asyndeton
599 4709 745 4764 bimembre
762 4710 839 4764 affort
866 4728 947 4764 unum
970 4710 1072 4780 (exped.
1088 4714 1148 4780 Gyr.
1166 4711 1211 4765 III
1230 4713 1299 4776 3‚59,
1318 4711 1364 4765 ubi
1391 4713 1476 4766 oratio

223 4801 337 4855 incitata
353 4803 394 4854 est
411 4815 442 4853 ec
458 4799 558 4866 vigoris
575 4799 677 4867 plena),
708 4798 788 4866 plura
806 4801 889 4864 neget
907 4798 1034 4860 inveniri3
1063 4797 1090 4850 id
1106 4798 1192 4866 igitur
1221 4798 1369 4867 exemplum
1397 4815 1477 4868 supra
