3410 5408
859 404 901 466 46

248 590 537 670 praestantissimus
558 589 709 670 Longus
730 587 782 652 ille
803 593 967 670 σείουσαι
988 587 1082 670 paulo
1102 592 1174 652 ante
1189 587 1420 668 Alciphrouem‚
1436 587 1464 650 h.
1480 605 1506 650 e.

247 709 372 773 saeculo
394 729 424 791 p.
448 709 519 774 Chr.
541 709 688 788 secundo,
720 709 835 774 vixisse
858 710 1040 774 certissimis
1062 727 1163 790 nuper
1183 708 1434 773 demonstratum
1458 711 1507 771 est

247 829 442 909 argumentis
470 829 509 894 ab
543 829 671 894 Reichio
703 829 932 894 dissertationis
966 830 1148 910 Regimonti
1181 848 1208 894 a.
1237 831 1318 893 1894
1348 829 1387 892 de
1423 827 1506 891 Alci·

248 946 379 1029 phronis
400 949 562 1029 Longique
584 954 686 1014 aetate
708 950 810 1014 editae
832 969 862 1031 p.
883 953 924 1014 45
948 967 1014 1030 sqq.
1062 950 1129 1012 eius
1158 949 1255 1030 igitur
1282 948 1441 1030 sophistae
1463 990 1505 999 -

247 1067 458 1150 sophistarum
475 1069 557 1132 enim
575 1069 770 1150 disciplinam
794 1070 963 1150 scriptores
984 1070 1062 1133 istos
1082 1073 1208 1134 secutos
1231 1086 1301 1133 esse
1322 1068 1505 1150 praeclaris·

248 1187 328 1250 simo
348 1187 606 1269 nobilissimoque
634 1187 748 1252 Rohdii
775 1187 856 1251 libro
884 1187 985 1252 edocti
1013 1205 1123 1251 sumus
1153 1187 1238 1252 -si
1265 1187 1370 1252 omnia
1395 1187 1507 1252 afferre

248 1305 360 1370 vellem
384 1324 464 1386 quae
486 1305 580 1369 habet
601 1305 718 1382 triecio,
742 1304 949 1386 complurium
972 1305 1195 1368 insumendum
1218 1309 1302 1370 esset
1320 1307 1505 1387 paginarum

247 1425 394 1505 spatium,
409 1425 488 1488 adeo
510 1424 563 1488 ille
585 1423 678 1488 huius
700 1423 819 1505 figurae
842 1428 1005 1505 correptus
1027 1425 1132 1488 studio
1155 1425 1301 1504 exsultat;
1324 1427 1380 1491 sed
1395 1427 1505 1508 paucis

249 1545 443 1610 adverbum
466 1545 543 1610 locis
566 1545 669 1610 allatis
692 1550 867 1609 ceterorum
889 1563 1038 1608 numeros
1061 1545 1293 1610 Hercherianos
1319 1546 1400 1612 infra
1422 1549 1506 1612 subi·

249 1683 320 1730 cere
342 1665 497 1728 constitui.
541 1664 615 1728 audi
637 1664 741 1742 mode,
757 1682 776 1726 o
795 1663 849 1744 qui
863 1663 951 1742 legis
974 1662 1164 1727 molliculum
1182 1665 1281 1746 ipsius
1303 1665 1505 1746 praefationis

250 1783 448 1848 dulcedinem
471 1783 732 1864 suavitatemque:
755 1784 785 1844 έν
805 1781 913 1864 Λέσβῳ
929 1787 1031 1868 θηρῶν
1050 1787 1055 1864 ί
1074 1784 1104 1844 έν
1123 1778 1208 1847 ἄλσει
1223 1785 1360 1870 Νυμφῶν
1378 1790 1382 1868 Ι
1402 1786 1506 1873 θέαμα

247 1897 325 1968 εἶδον
344 1907 348 1986 ί
368 1895 531 1965 κάλλιστον
555 1891 597 1964 ὧν
618 1895 704 1982 εἶδον,
734 1920 805 1966 ecce
834 1902 891 1965 tibi
922 1902 1094 1966 tetracolon
1123 1903 1233 1984 figuris
1263 1905 1431 1986 Gorgianis
1461 1907 1506 1971 di-

247 2024 409 2101 stinctum3
433 2023 517 2102 quod
546 2023 687 2103 sequitur
713 2021 846 2086 tricolou
875 2025 936 2086 est:
964 2013 1063 2085 εἰκόνα
1091 2018 1206 2110 γραφὴν
1233 2026 1361 2112 ἱστορίαν
1387 2030 1505 2113 ἔρωτος,

246 2143 279 2208 id
301 2142 400 2206 altero
432 2141 631 2205 continuatur
659 2139 734 2204 hoc:
762 2135 855 2204 καλὸν
882 2139 935 2225 μὲν
961 2142 1012 2202 καὶ
1036 2135 1084 2218 τὸ,
1101 2135 1202 2221 ἄλσος,
1230 2135 1428 2232 πολύδενδρον
1456 2145 1506 2208 ἀν-

248 2257 342 2348 θηρόν
361 2253 552 2349 κατάρρυτον.
596 2279 635 2324 cn
662 2278 762 2340 pauca
788 2259 977 2324 narrationis
1007 2260 1158 2340 exempla.
1201 2263 1293 2340 alal
1316 2258 1331 2324 ό
1354 2257 1389 2326 δὲ
1409 2256 1508 2326 πάντα

247 2379 324 2465 αὐτῇ
347 2373 502 2466 διηγεῖται,
522 2386 586 2454 πῶς
607 2368 686 2466 εὗρεν
711 2379 887 2465 ἐκκείμενον,
909 2384 973 2454 πῶς
995 2372 1055 2442 εἶδε
1083 2371 1270 2466 τρεφόμενον,
1293 2386 1358 2457 πῶς
1388 2375 1506 2464 ᾐδέσθη

247 2505 423 2564 καταλιπεῖν
455 2490 708 2584 ἀποθανούμενον.
770 2490 862 2572 δόξαν
890 2491 932 2569 ’δὴ
967 2496 1096 2582 κάκείνη,
1130 2495 1171 2562 τά
1203 2499 1256 2584 μὲν
1290 2503 1509 2566 συνεκτεθέντα

248 2612 418 2708 κρύπτουσι,
440 2615 476 2684 τὸ
500 2612 535 2682 δὲ
560 2611 677 2686 παιδίον
699 2613 799 2680 αὐτῶν
825 2611 983 2704 νομίζουσι,
1010 2623 1049 2701 τῇ
1078 2611 1112 2680 δὲ
1139 2621 1199 2705 αἰγὶ
1223 2616 1279 2690 την
1308 2617 1420 2708 τροφὴν
1446 2625 1509 2686 έπι-

247 2739 411 2826 τρέπουσιν.
467 2741 556 2816 2442
594 2738 681 2824 μίτρα
714 2729 879 2824 διάχρυσος,
913 2727 1094 2824 ὑποδήματα
1125 2740 1281 2826 ἐπίχρυσα,
1310 2735 1509 2828 περισκελίδας

247 2869 361 2945 χρυσαῖ.
407 2861 496 2938 2492
520 2863 631 2946 τροφῆς
652 2855 765 2944 ἠμέλει,
796 2851 911 2946 νύκτωρ
930 2850 1077 2946 ἠγρύπνει,
1104 2863 1159 2932 τῆς
1184 2855 1295 2942 ἀγέλης
1325 2855 1506 2950 κατεφρόνει.

248 2981 359 3058 24923
382 2976 469 3064 ἀλγῶ
490 2979 541 3040 καὶ
562 2977 649 3050 ἕλκος
674 2975 728 3039 οὐκ
751 2981 815 3040 ἔστι
837 2999 899 3063 μοι’
922 2983 1073 3064 λυποῦμαι
1094 2978 1144 3039 καὶ
1162 2969 1251 3039 ὀὐδὲν
1265 2984 1328 3040 τῶν
1349 2973 1508 3067 προβάτων

248 3091 392 3162 ἀπόλωλέ
420 3119 483 3184 μοι·
512 3088 625 3182 κάομαι
648 3100 698 3160 καὶ
721 3099 751 3159 ἐν
773 3102 842 3180 σκιᾷ
870 3089 1004 3180 τοσαύτη
1032 3088 1180 3182 κάθημαι.
1229 3100 1341 3177 25026
1372 3096 1391 3170 ἢ
1421 3097 1508 3188 τυρὸν

247 3214 403 3288 ἁπαλὸνιί
428 3217 573 3303 στέφανον
594 3213 724 3304 ἀνθηρὸν
745 3213 763 3286 τί
788 3221 882 3302 μῆλον
904 3211 1017 3304 ὡραῖον.
1062 3210 1183 3304 ἐκόμισε
1206 3211 1241 3280 δέ
1258 3241 1334 3281 ποτε
1357 3217 1433 3302 αὐτῇ
1457 3222 1507 3283 καὶ

249 3330 372 3426 μόσχονί
393 3337 600 3426 ἀρτιγέννητον
629 3339 679 3399 καὶ
707 3329 856 3418 κισσύβιον
885 3328 1043 3423 διάχρυσον
1070 3340 1120 3400 καὶ
1146 3336 1271 3425 ὀρνίθων
1297 3339 1398 3427 ὀρείων
1424 3363 1507 3404 νεοτ-

247 3450 326 3532 τούς.
371 3459 484 3536 26520
506 3449 593 3527 ἡδεῖα
614 3455 667 3542 μὲν
688 3457 836 3541 τεττίγων
856 3448 927 3542 ἠχή,
948 3461 1072 3544 γλυκεῖα
1094 3449 1129 3518 δὲ
1151 3448 1268 3544 ὀπώρας
1288 3451 1375 3543 όδμοί,
1398 3456 1505 3547 τερπνδΙ

247 3571 283 3639 δὲ
296 3576 438 3663 ποιμνίων
453 3568 561 3663 βληχή.
607 3579 718 3656 27923
743 3581 854 3640 ἔθυσαν
869 3575 1034 3664 ἐκρέμασαν
1053 3570 1218 3664 ἀπέδειραν.
1263 3581 1375 3657 28028
1393 3572 1507 3655 ταύτης

247 3688 390 3782 νεμούσης
412 3689 574 3771 παιζούσης
599 3690 736 3780 ᾀδούσης.
780 3699 893 3774 28228
923 3697 1041 3782 ἐφίλουν
1064 3695 1257 3783 περιέβαλλον
1284 3701 1505 3764 κατεκλίνοντο,

248 3818 360 3893 31620
382 3808 550 3902 χλαμύδιον
572 3811 722 3902 ἁλουργές,
737 3808 851 3902 πόρπην
865 3807 1061 3900 χρυσήλατον,
1078 3807 1201 3902 ξιφίδιον
1216 3810 1504 3904 ἐλεφαντόκωπονῑ).

248 4013 317 4072 αότοί.
354 4011 413 4070 όταν
430 4011 478 4086 γάρ
495 4010 550 4084 ἤτοι
578 4011 761 4086 ἐρωτικόντι
787 4011 918 4085 ἐννόημα
944 4014 1054 4086 λέγωμεν
1070 4011 1087 4082 τί
1105 4016 1145 4067 κα1
1162 4016 1212 4068 τῶν
1231 4016 1316 4070 αλλων
1333 4037 1354 4070 τι
1372 4020 1423 4071 τῶν
1441 4019 1507 4074 ἰδίων

248 4101 405 4174 γλυκύτητος,
425 4099 613 4175 μεθοδεόσωμέν
631 4123 656 4156 τε
674 4097 752 4163 οὕτως
769 4104 810 4155 καὶ
828 4097 1011 4172 έρμηνειίσωμεν
1029 4098 1058 4154 δι’
1087 4100 1206 4154 ἐπιθέτων
1232 4103 1272 4154 κα1
1296 4107 1426 4173 ποιητικῶν
1452 4103 1506 4160 όνο-

251 4186 344 4262 μάτων,
371 4189 556 4260 παρισῶμέν
573 4209 602 4241 τε
620 4193 684 4250 τοῖς
710 4184 1220 4260 σχήμασινῆτοῖςκῶλοιςῆκαὶ
1247 4183 1338 4262 ἀλλῳ
1356 4189 1507 4247 τιν1κοίλ-

248 4278 323 4337 λους
340 4277 408 4347 ἰδίῳ
428 4272 570 4347 σχήματι
589 4275 814 4347 ἐξαγγέλωμεν.

374 4368 402 4432 1)
422 4368 519 4420 Cetera
536 4365 656 4432 exempla
674 4365 716 4418 his
735 4365 800 4418 locis
819 4365 959 4432 leguntur:
978 4363 1145 4432 244‚15sqq.
1165 4361 1251 4426 2432.
1270 4357 1348 4429 2484
1365 4382 1422 4436 sqq.
1441 4367 1507 4435 (duo

247 4456 385 4508 ternorum
402 4451 580 4505 membrorum
598 4452 760 4520 enuntiata).
796 4450 1193 4519 244,10.1t(item).250,16.
1221 4450 1323 4516 25125.
1344 4454 1446 4517 252,17.
1465 4457 1507 4509 22.

249 4541 336 4605 2552.
356 4539 459 4601 25821.
477 4539 562 4603 2622.
578 4540 620 4592 21.
638 4539 740 4604 26323.
758 4539 845 4604 266,8.
865 4538 904 4592 10.
929 4538 968 4592 18.
986 4538 1082 4603 27124
1095 4553 1153 4607 sqq.
1171 4537 1257 4602 2762.
1275 4537 1378 4602 28121.
1403 4539 1507 4604 naam.

229 4675 233 4685 .
247 4627 349 4688 naun.
369 4627 402 4678 13
414 4642 470 4695 sqq.
485 4625 526 4680 23.
539 4625 633 4690 28527
646 4641 703 4694 sqq.
718 4625 820 4690 287,18.
834 4625 937 4689 29422.
950 4624 1053 4682 29719.
1068 4625 1170 4689 30325.
1184 4623 1279 4689 30423
1293 4641 1349 4694 sqq.
1362 4626 1438 4691 305,1
1449 4643 1506 4696 sqq.

247 4715 321 4782 9sq.
345 4712 448 4777 30627.
475 4713 570 4776 30720
587 4729 643 4782 sqq.
669 4711 748 4777 31⁰‚5
765 4729 806 4782 sq.
833 4712 936 4777 81127.
963 4712 1070 4778 81321.
1098 4713 1193 4778 31422
1211 4729 1267 4782 sqq.
1296 4712 1363 4778 (tria
1385 4715 1506 4782 exempla

248 4799 427 4868 continuata).
447 4799 541 4862 31523
558 4816 597 4868 sq.
616 4799 701 4864 3192.
720 4799 761 4852 19.
780 4799 884 4864 calna.
903 4797 999 4862 32428
1018 4815 1057 4868 sq.
1075 4800 1180 4863 32621.
