3410 5408
842 409 884 471 44

758 496 966 504 -—-—---——

228 594 334 652 τοῦτο·
369 590 481 671 τέκνον,
511 583 686 679 ἀνηρήμεθα
715 583 927 677 πεφονεύμεθα
953 581 1298 677 τετυραννοκτονήμεθα.
1352 607 1411 652 neo
1440 589 1491 653 his

229 710 379 791 pauciora
400 710 432 774 in
454 711 598 776 abdicato
619 711 778 792 leguntur,
800 729 934 792 quorum
956 710 1043 774 locos
1071 709 1227 774 indicasse
1254 707 1331 773 satis
1352 707 1491 773 habebo:

229 831 259 893 4.
281 831 310 893 5.
332 832 361 893 8.
388 831 426 894 10
449 831 507 895 bis.
530 832 577 895 11.
602 833 640 895 16
663 831 797 912 saepius.
821 833 871 894 23.
893 833 943 894 28.
986 827 1065 894 conf.
1086 828 1341 910 pseudologistae
1364 869 1402 878 -
1428 847 1491 910 quo

229 948 311 1013 libro
334 968 404 1014 cum
428 969 522 1015 senex
544 951 612 1032 ipse
635 951 823 1016 declamaret
844 951 1016 1032 sophistam
1040 949 1197 1031 quendam
1219 949 1425 1030 impugnabat
1448 989 1490 998 -

231 1087 256 1132 c.
280 1071 317 1133 17
341 1066 503 1133 ἀπατεῶνα
524 1061 624 1155 γόητα
646 1071 788 1158 ἐπίορκον,
811 1063 946 1157 ὄλεθρον,
969 1061 1093 1156 κύφωνα
1122 1059 1279 1156 βάραθρον,
1309 1087 1389 1150 quae
1418 1074 1493 1134 sunt

232 1191 385 1255 vocabula
415 1190 464 1255 bis
497 1194 594 1256 terna.
656 1191 730 1255 Dio
768 1190 1084 1272 chrysostomus
1118 1191 1295 1254 Atticorum
1329 1194 1489 1254 oratorum

230 1330 334 1378 navus
356 1312 495 1376 imitator
517 1315 549 1374 et
575 1309 771 1391 intellegam,
800 1309 839 1373 ab
866 1310 972 1392 inepta
993 1309 1164 1391 figurarum
1194 1310 1370 1391 captatione
1398 1309 1492 1390 longe

232 1430 402 1508 abhorruit,
430 1430 487 1495 sed
519 1429 572 1511 qui
601 1429 858 1494 declamationem
887 1429 927 1494 de
955 1428 1081 1494 fortuna
1109 1429 1246 1494 habitam
1276 1429 1344 1493 eius
1372 1429 1492 1493 nomini

230 1549 316 1614 furto
340 1550 513 1631 supposuit,
536 1549 646 1630 putida
668 1549 822 1630 elegantia
836 1549 932 1614 verba
954 1550 1059 1614 verbis
1083 1550 1252 1614 demensus
1273 1553 1336 1613 est:
1359 1548 1491 1612 tricolon

233 1689 303 1735 cum
328 1669 429 1734 dicolo
452 1670 610 1734 coniunxit
630 1669 690 1734 hoc
711 1669 781 1734 loco
804 1670 865 1754 (2):
887 1662 946 1739 ἤδη
969 1661 1004 1731 δέ
1019 1693 1087 1732 τινα
1108 1671 1158 1731 καὶ
1184 1674 1246 1731 τῶν
1274 1661 1356 1731 ἰδίων
1382 1673 1492 1731 παθῶν

230 1795 268 1872 τί,
292 1781 371 1875 τύχη
392 1789 592 1876 προφέρουσιν,
613 1782 767 1860 ἠΜύδεια
788 1786 842 1853 τὸν
866 1792 964 1877 ἔρωτα
986 1784 1002 1852 ό
1026 1783 1124 1865 Μίδας
1145 1784 1201 1860 τδν
1222 1783 1313 1876 εὐχὴν
1334 1783 1353 1859 ἡ
1376 1781 1493 1876 Φαίδρα

233 1905 289 1980 τὴν
312 1901 465 1991 διαβολήν,
486 1904 501 1972 ό
522 1907 691 1994 Ἀλκμαίων
713 1907 761 1973 ὅτι
788 1911 940 1972 ἐπλανᾶτο
964 1905 980 1973 ό
999 1908 1146 1997 Ὀρέστης
1171 1907 1219 1973 ὅτι
1248 1909 1393 1995 ἐμαίνετο.
1416 1908 1491 1972 He-

232 2029 359 2106 rodes,
382 2028 436 2108 qui
450 2029 574 2093 Atticus
596 2035 628 2093 et
649 2049 719 2094 esse
741 2037 773 2094 et
794 2030 950 2094 nominari
965 2029 1071 2107 voluit,
1086 2030 1257 2093 Isocratem
1272 2029 1378 2110 potius
1398 2047 1491 2110 quam

233 2153 374 2212 oratores
398 2149 509 2213 atticos
532 2154 668 2226 secutus,
689 2150 782 2213 trinis
811 2168 905 2231 saepe
936 2149 1087 2214 membris
1117 2149 1290 2212 orationem
1321 2148 1491 2225 dinstinxit

234 2268 291 2332 sed
314 2272 350 2330 ut
371 2269 522 2349 asyndeta
544 2269 692 2333 Isocratis
714 2289 802 2334 more
833 2270 994 2346 devitaret,
1024 2267 1103 2332 conf.
1125 2269 1360 2334 declamationis
1390 2269 1429 2333 de
1456 2286 1491 2332 re

233 2386 359 2468 publica
380 2386 504 2451 habitae
533 2389 627 2452 unius
647 2389 780 2470 paginae
801 2389 898 2454 verba
923 2387 1000 2452 haec
1022 2390 1079 2470 (or.
1101 2393 1155 2452 att.
1177 2389 1280 2453 volV
1302 2408 1331 2470 p.
1354 2391 1415 2452 663
1427 2389 1492 2472 R.):

235 2514 261 2569 οὶ
281 2501 338 2593 γάρ
360 2506 484 2577 πλησίον
502 2513 651 2582 οἰκοῦντες
668 2507 723 2570 οὐκ
742 2504 895 2594 ἄχθονται
914 2499 1137 2582 στασιαζόντων
1157 2513 1221 2569 τῶν
1241 2509 1372 2587 πλησίον,
1396 2506 1493 2590 οἱμὲν

233 2624 444 2713 ἀσθενέστεροι
472 2625 552 2702 ὅπως
572 2622 607 2688 ἀν
638 2622 678 2714 μη
701 2620 861 2714 ἀρχωνται,
888 2634 914 2690 οἱ
937 2620 967 2689 δ’
990 2625 1087 2711 ὅμοιοι
1116 2622 1171 2698 τὴν
1198 2618 1320 2711 δύναμιν
1348 2623 1429 2700 ὅπως
1457 2619 1493 2686 ἀν

233 2748 395 2834 κρείσσονες
415 2747 569 2832 γένωνται,
595 2755 622 2810 οἱ
644 2740 672 2810 δ’
690 2749 801 2835 ἰσχυροὶ
823 2745 905 2822 ὅπως
926 2743 961 2810 ἀν
984 2740 1169 2835 ρἀδιέστερον
1191 2741 1328 2834 ἄρχωσιν.
1374 2747 1491 2811 ibidem

234 2866 268 2931 οῦ
290 2859 392 2942 παῖδες
413 2869 463 2930 καὶ
483 2878 618 2953 γυναῖκες
639 2869 690 2930 καὶ
709 2867 835 2955 πατέρες
849 2867 984 2955 γέροντες
1006 2869 1056 2930 καὶ
1071 2866 1195 2954 μητέρες
1212 2869 1322 2955 θεωροὶ
1344 2866 1492 2938 κατέστη-

234 3013 288 3052 σαν
309 2978 571 3072 ἀποθνησκόντων,
595 2995 621 3050 οί
645 2986 698 3072 μὲν
719 2988 864 3074 πατέρων,
881 2993 910 3048 αἱ
932 2979 960 3048 δ’
980 2981 1101 3076 ἀνδρῶν,
1126 2994 1152 3050 οἱ
1174 2980 1209 3049 δέ
1223 2979 1353 3064 παίδων;
1375 2988 1492 3052 ibidem

234 3111 285 3172 καὶ
306 3100 424 3171 τούτων
452 3103 506 3171 τὸν
535 3112 629 3171 α’ίτιον
650 3114 714 3183 πῶς
742 3106 775 3172 ού
797 3104 853 3194 χρί*Ι
883 3115 985 3184 κακῶς
1015 3102 1086 3196 δρᾶν
1108 3102 1285 3192 δυναμένους
1310 3129 1359 3192 γε;
1383 3104 1492 3190 ἀμυνο-

233 3229 337 3316 μένους
368 3227 421 3315 μέν
448 3219 489 3290 ὦν
518 3219 640 3315 ὑπῆρξε,
672 3233 876 3316 τιμωροῦντας
902 3221 938 3292 δὲ
962 3239 1025 3304 τοῖς
1056 3227 1267 3306 ἀποθανοῦσιν,
1296 3227 1493 3315 οἰκτείροντας

234 3342 269 3412 δὲ
290 3343 360 3423 τοὺς
383 3345 660 3435 ἀποστερηθέντας,
682 3349 798 3413 ibidem
821 3339 899 3434 μήτε
920 3351 1074 3413 πολιτείαν
1096 3346 1167 3412 εἶναι
1197 3339 1274 3433 μήτε
1298 3338 1387 3433 νόμον
1414 3339 1491 3433 μήτε

234 3464 326 3544 δίκας.
370 3469 454 3534 idem
477 3469 510 3532 in
532 3452 672 3534 eiusdem
695 3469 834 3552 epilogo:
857 3465 872 3533 ό
896 3468 948 3555 μὲν
970 3463 1020 3532 οὖν
1042 3463 1112 3555 ἐμός
1132 3460 1224 3554 λόγος

486 3578 654 3673 ἀμύνεσθαι
677 3586 729 3672 μὲν
749 3582 803 3651 τὸν
825 3580 988 3650 ἀδικοῦντα
1009 3577 1132 3666 κελεύει,
1160 3638 1162 3642 .

486 3717 623 3793 τιμωρεῖν
644 3699 680 3769 δὲ
700 3717 762 3781 τοῖς
784 3704 979 3786 ἀποθανοῦσι,

486 3819 664 3914 χαρίζεσθαι
686 3821 721 3890 δὲ
741 3837 803 3901 τοῖς
824 3819 1011 3914 προσήκουσι,

488 3939 636 4033 δέχεσθαι
658 3939 693 4009 δὲ
714 3942 768 4018 τὴν
790 3939 893 4033 τύχην,

486 4058 662 4154 συμμάχους
687 4089 722 4130 τε
743 4077 805 4141 τοῖς
822 4064 971 4137 Ἕλλησιν
992 4065 1072 4147 εἶναι,
1131 4125 1137 4134 .

485 4190 643 4274 πολεμίους
662 4181 697 4251 δὲ
718 4199 781 4263 τοῖς
801 4179 962 4275 βαρβάροις,

451 4313 464 4508 ρ
485 4310 535 4371 καὶ
556 4301 703 4374 πιστεύειν
726 4309 778 4396 μὲν
799 4320 861 4382 τοῖς
883 4307 1041 4395 ὠφελοῦσι,

485 4421 622 4516 ὀρρωδεῖν
643 4424 678 4492 δὲ
699 4425 770 4503 τοὺς
793 4423 833 4514 μὴ
856 4421 1020 4507 τοιούτους,

453 4554 466 4752 φ
487 4544 616 4635 ἐχθρούς
638 4543 674 4611 δὲ
694 4541 820 4635 νομίζειν
841 4543 912 4622 τούς
934 4540 1120 4629 ἀδικοῦντας,

487 4669 590 4754 φίλους
611 4661 647 4730 δὲ
666 4663 736 4742 τούς
758 4660 969 4754 ἐπαμύνοντας,

239 4788 412 4856 tetracolon
435 4795 467 4856 et
487 4788 632 4854 binarum
655 4789 880 4854 sententiarum
902 4787 1048 4865 tricolon3
1069 4788 1269 4875 paulopost:
