3410 5408
816 396 855 458 13

207 580 314 658 sed,o
342 581 434 660 bone,
456 581 516 646 hoc
538 587 582 659 tu,
612 581 689 646 mihi
719 581 820 659 crede,
850 581 951 661 magis
980 580 1031 660 pie
1062 581 1225 644 contendis
1256 599 1349 661 quam
1379 599 1462 658 vero,

205 700 281 763 dum
308 719 372 764 uon
401 702 497 765 armis
525 702 581 765 sed
612 699 764 780 religione
792 705 894 764 totum
926 700 1034 764 orbem
1064 718 1084 762 a
1113 699 1264 764 Romanis
1297 701 1462 766 subactum

204 836 275 883 esse
308 820 515 885 demonstras.
570 815 617 885 ‘et
653 819 730 883 haec
763 839 826 884 nou
860 819 996 884 auctoris
1030 820 1201 897 sententia,
1236 821 1294 884 sed
1328 820 1463 899 Caecilii,

203 939 292 1002 cuius
328 940 381 1004 1116
418 959 488 1005 cum
530 940 645 1004 1616161
685 941 782 1004 verba
825 959 888 1004 non
930 940 1004 1004 inde
1041 958 1130 1003 suam
1169 939 1271 1021 aperit
1304 939 1462 1005 mentem'.

203 1059 278 1139 quid
300 1061 398 1124 vero?
423 1061 572 1126 Octavius
594 1061 623 1126 h.
646 1077 672 1122 6.
695 1059 852 1124 Minucius
874 1059 951 1140 ipse,
974 1059 1029 1122 ubi
1046 1058 1172 1124 Caecilii
1188 1060 1284 1124 verba
1298 1061 1464 1144 impugnat

203 1179 243 1263 (6.
262 1181 327 1264 25),
349 1180 426 1245 111111
449 1199 511 1262 quo
533 1199 661 1262 pravam
684 1179 769 1244 illam
793 1179 909 1244 refutet
931 1181 1118 1244 sententiam
1146 1178 1274 1262 profert,
1291 1181 1460 1246 sedunum

201 1297 234 1362 id
255 1306 351 1380 negat
372 1299 519 1364 omuibus
541 1301 603 1367 illis
626 1301 694 1365 deis
717 1301 905 1383 recipiendis
933 1300 1085 1382 populum
1108 1301 1288 1364 Romanum
1310 1300 1462 1382 religiosi-

201 1421 298 1482 tatem
333 1437 423 1484 suam
455 1423 644 1486 ostendisse:
681 1423 778 1486 immo
810 1433 860 1499 cot,
888 1421 1003 1501 inquit,
1035 1421 1071 1484 de
1101 1421 1159 1482 diis
1194 1419 1291 1502 spolio
1325 1431 1394 1506 quor
1427 1423 1463 1484 de

200 1539 333 1619 pentibus
347 1551 481 1624 tropaea.
520 1560 595 1623 ergo
611 1542 688 1606 haec
706 1543 806 1624 ipsius
818 1542 956 1606 auctoris
971 1545 1020 1604 est
1035 1541 1198 1604 sententia
1234 1541 1339 1604 iamne
1355 1541 1463 1619 sente,

201 1657 278 1737 quid
297 1659 531 1726 Tertullianus?
562 1662 590 1726 is
612 1681 683 1727 cum
706 1663 979 1740 animadverteret,
1012 1678 1106 1742 quam
1130 1665 1214 1724 esset
1247 1660 1404 1726 imbecilla
1425 1679 1472 1757 ac·

202 1775 323 1842 lubrica
349 1779 403 1844 illa
425 1781 555 1846 Minucii
577 1782 772 1846 ratiocinatio
795 1787 827 1846 61
856 1800 936 1864 quae
958 1781 997 1846 ab
1021 1781 1211 1846 adversariis
1234 1779 1382 1844 1661111116
1403 1780 1462 1844 im-

202 1898 337 1978 pugnari
359 1901 520 1983 avertique
541 1907 658 1984 posset,
688 1902 773 1966 illius
796 1903 994 1981 seutentiam,
1024 1920 1117 1983 quam
1140 1906 1240 1966 totam
1262 1901 1393 1965 missam
1415 1899 1460 1964 f-

200 2033 270 2081 6616
292 2018 427 2100 nolebat,
449 2023 566 2104 quippe
587 2023 620 2087 in
642 2041 704 2103 qua
718 2023 837 2087 inesset
858 2023 1040 2104 primarium
1058 2021 1217 2103 quoddam
1229 2027 1462 2102 argumentum,

199 2137 231 2200 in
254 2139 386 2220 siugulis
409 2141 542 2207 correxit
567 2142 753 2223 peregrinos
779 2141 850 2208 illos
873 2148 904 2207 et
925 2142 1157 2224 provinciarum
1172 2146 1205 2206 et
1219 2141 1461 2222 municipiorum

200 2255 277 2320 deos
297 2261 520 2339 enumerando,
542 2279 605 2342 quo
624 2260 706 2326 facto
729 2280 766 2325 ex
787 2260 918 2324 Minucii
940 2279 1046 2324 errore
1069 2261 1302 2342 elegantissime
1325 2267 1357 2325 et
1372 2279 1461 2342 saga·

199 2376 323 2441 cissime
355 2397 472 2445 novum
503 2381 563 2445 sibi
595 2381 664 2462 ipse
694 2379 812 2446 effinxit
837 2386 1075 2462 argumentum,
1103 2399 1174 2444 cum
1204 2381 1461 2462 indignabundus

199 2504 371 2577 quaereret,
394 2519 450 2564 cur
471 2502 618 2582 gentibus
632 2501 752 2566 licitum
772 2505 857 2567 66661
878 2520 971 2565 suum
987 2501 1047 2565 sibi
1062 2500 1164 2565 661616
1180 2501 1284 2579 deum,
1306 2501 1461 2565 16111611

200 2615 394 2684 Christianis.
423 2639 503 2702 quae
520 2621 689 2686 6111111116
709 2622 741 2685 in
756 2623 887 2686 modum
899 2621 1181 2700 instituissetsane
1196 2622 1314 2686 evitare
1327 2637 1390 2684 non
1406 2639 1461 2702 po-

197 2741 279 2802 16161
289 2739 384 2820 paulo
396 2741 555 2805 duriorem
568 2742 704 2806 illamad
717 2742 881 2822 sequentia
893 2741 1124 2806 transitionem:
1136 2743 1276 2826 quoniam
1288 2753 1386 2805 611166
1398 2742 1462 2804 Ro-

196 2861 281 2921 mani
299 2862 427 2924 rrominir
443 2864 572 2944 proprie
594 2863 851 2938 maciomanum,
873 2885 931 2924 non
954 2863 1054 2924 6161116
1070 2863 1308 2943 compressionem.
1354 2880 1462 2943 quam-

200 2993 293 3057 quam
316 2979 349 3043 in
376 2998 413 3044 66
435 2981 519 3046 malo
545 2982 634 3064 prius
662 2982 741 3047 illud
771 2983 944 3064 prudenter
973 2982 1228 3046 animadversum
1259 2988 1290 3045 et
1319 2983 1463 3048 sollerter

201 3097 330 3162 consilio
352 3105 493 3180 aptatum
515 3101 644 3166 laudare
674 3121 768 3184 quam
797 3103 955 3185 posterius
984 3102 1068 3166 haud
1098 3102 1142 3166 ita
1170 3106 1254 3166 16616
1283 3102 1460 3168 institutum

200 3218 387 3299 vituperare.
429 3221 492 3285 ianr
514 3240 589 3286 vero
611 3223 801 3286 contrarium
824 3242 993 3305 ponamus:
1016 3223 1056 3286 sit
1077 3222 1164 3303 prior
1187 3221 1325 3285 Minucio
1340 3221 1462 3286 Tertul-

200 3337 311 3417 lianus,
341 3341 412 3421 quis
434 3341 616 3420 Minucium,
644 3343 670 3406 si
696 3342 826 3424 legisset
852 3344 937 3425 apud
967 3341 1195 3407 Tertullianum
1225 3341 1264 3404 de
1294 3341 1462 3422 singulis

203 3459 442 3541 singularum
470 3463 610 3543 gentium
634 3463 701 3526 deis
732 3466 876 3526 accurate
899 3462 1012 3544 exponi
1040 3463 1171 3544 ipsaque
1197 3461 1325 3525 nomina
1351 3479 1462 3525 eornm

201 3581 397 3647 Varroniana
419 3582 559 3646 doctrina
581 3582 712 3646 vidisset
731 3582 834 3660 allate,
857 3583 936 3663 quis,
958 3583 1096 3664 iuquam,
1114 3582 1212 3659 illum,
1234 3582 1267 3646 id
1290 3582 1375 3662 quod
1397 3582 1464 3663 qui·

201 3701 249 3766 vis
270 3703 364 3783 paulo
387 3704 509 3768 doctior
535 3703 641 3768 statim
671 3701 864 3767 refuteturus
887 3709 979 3782 esset,
1003 3703 1042 3768 de
1071 3703 1267 3767 universis
1296 3703 1462 3766 omnium

202 3822 342 3900 gentium
365 3823 433 3888 deis
454 3825 590 3904 receptis
612 3824 827 3904 expositurum
850 3822 948 3888 fuisse
971 3824 1053 3888 serio
1076 3823 1136 3888 sibi
1161 3822 1383 3904 persuadebit?

328 3943 452 4025 Agmen
480 3943 605 4008 claudat
622 3943 799 4025 exemplum
827 3962 889 4024 quo
918 3942 1095 4008 confirmari
1124 3948 1201 4025 puto
1229 3944 1262 4007 id
1291 3943 1377 4023 quod
1411 3942 1463 4006 de-

202 4068 378 4128 monstrare
401 4064 478 4128 111111
500 4070 568 4129 6161
588 4065 796 4146 propositum.
839 4066 924 4146 apud
946 4065 1119 4129 Minucium
1144 4065 1230 4147 (6.9)
1254 4062 1409 4128 Caecilius
1424 4062 1464 4126 de

204 4181 453 4248 Christianorum
477 4185 537 4249 deo
558 4183 694 4250 nefanda
716 4185 869 4266 quaedam
891 4183 997 4264 refert,
1020 4202 1100 4266 quae
1121 4202 1197 4249 vera
1218 4201 1289 4248 6666
1311 4183 1381 4264 ipse
1399 4200 1463 4246 non

203 4304 374 4384 confirmat,
399 4307 455 4370 sed
477 4304 562 4370 fama
584 4305 738 4387 divolgari
758 4310 877 4370 narrat:
901 4305 1049 4368 nimirum
1067 4303 1263 4368 Christianos
1284 4302 1337 4366 alii
1358 4300 1465 4366 ferunt

203 4424 305 4488 colere
326 4443 385 4506 pro
408 4426 468 4490 deo
490 4426 659 4504 hominem,
681 4426 731 4490 cui
752 4431 868 4506 eaput
889 4425 931 4489 sit
957 4425 1160 4502 asininum,
1187 4423 1241 4488 6111
1262 4423 1363 4504 ipsius
1385 4422 1464 4486 6111-

203 4543 285 4608 stitis
307 4563 343 4609 ae
365 4546 537 4610 sacerdotis
560 4546 760 4628 genitalia,
782 4545 835 4610 6111
857 4545 1048 4609 hominem
1072 4562 1197 4609 summo
1219 4541 1373 4623 supplicio
1395 4560 1463 4622 pu·

203 4664 324 4728 uitum
347 4671 380 4729 et
401 4667 525 4731 crucis
546 4666 641 4749 lignis
662 4664 813 4730 feralibus
842 4663 978 4730 affixum.
1038 4683 1117 4747 quae
1146 4665 1186 4729 ab
1218 4663 1350 4728 Octavio
1381 4660 1463 4726 refu·

203 4787 309 4848 tantur
332 4803 357 4849 c.
379 4789 448 4865 28,i
472 4805 551 4868 sqq.:
573 4786 691 4851 scilicet
714 4785 753 4850 de
774 4785 897 4849 asinino
912 4785 1013 4867 capite
1027 4783 1133 4850 fabula
1150 4803 1187 4848 61
1206 4785 1284 4866 ipsis
1300 4783 1463 4865 gentilium
