3410 5408
844 382 863 444 8

228 585 325 650 genes
348 566 590 644 eruditissimus,
613 570 718 629 tamen
740 565 789 630 his
814 566 846 630 in
869 566 965 631 rebus
988 571 1181 648 apertissimi
1203 569 1319 634 erroris
1344 567 1488 650 turpissi-

229 687 335 767 mique
357 686 474 750 totiens
503 685 665 750 convictus
688 690 748 763 est,
779 691 816 750 ut
842 705 918 768 prae
946 689 1101 754 Lactantii
1127 689 1318 766 testimonie,
1347 706 1488 768 praeser-

227 808 284 872 tim
310 807 365 888 qui
392 805 517 872 saeculo
545 803 612 869 fere
641 809 715 868 ante
744 805 973 888 Hieronymum
1004 809 1126 889 vixerit
1154 811 1367 890 Hieronymus
1400 807 1489 870 nihili

227 927 269 992 sit
289 925 517 1004 aestimandus3
545 924 667 989 accedit
688 925 772 1006 quod
794 925 826 989 iu
851 934 1039 1008 argumento
1055 927 1214 994 simillimo
1234 927 1367 1009 insignis
1387 945 1489 1008 nuper

228 1048 370 1112 detectus
389 1051 438 1111 est
452 1044 639 1126 Hieronymi
654 1063 750 1124 error,
766 1065 837 1110 cum
859 1054 947 1128 post
968 1048 1218 1131 Apollonium
1240 1046 1336 1112 latine
1351 1047 1488 1128 primum

229 1166 393 1248 scripsisse
424 1184 483 1247 pro
516 1164 702 1230 Christianis
734 1167 904 1232 contendat
935 1170 1162 1235 Tertullianum
1197 1169 1246 1250 (da
1272 1169 1326 1230 ab.
1357 1167 1398 1230 ill.
1425 1169 1488 1252 53),

228 1303 417 1366 quamquam
434 1284 594 1365 Apollonii
614 1283 688 1349 fidei
704 1285 899 1353 Christianae
915 1289 1129 1356 defensionem
1149 1306 1259 1370 graece
1280 1287 1488 1368 conscriptam

228 1403 327 1469 fuisse
349 1409 470 1470 constat
480 1403 512 1490 ¹).
555 1405 708 1468 Lactantii
729 1405 826 1486 igitur
841 1409 938 1474 verba
960 1429 1031 1475 cum
1048 1409 1236 1476 dubitationi
1258 1411 1402 1487 exempta
1417 1405 1488 1484 sint,

229 1524 413 1589 Tertulliani
435 1523 666 1606 apologeticum
689 1533 762 1609 post
783 1527 912 1592 Minucii
943 1529 1109 1596 Octavium
1137 1529 1256 1593 editum
1285 1543 1355 1590 esse
1382 1542 1488 1589 neccs-

229 1644 312 1710 sario
334 1645 535 1709 statuendum
558 1651 615 1710 est.

353 1759 410 1829 ‘At
423 1783 464 1828 ne
479 1765 659 1830 Lactantius
676 1767 802 1848 quidem
818 1786 924 1832 errore
939 1767 1045 1848 liber'‚
1060 1769 1105 1833 sic
1120 1769 1203 1832 enim
1219 1767 1313 1831 audio
1329 1784 1400 1829 curn
1415 1763 1491 1828 dicit

229 1903 322 1966 quem
334 1883 412 1948 mihi
427 1883 512 1965 fingo
528 1885 605 1949 utin
623 1886 757 1951 diatriba
771 1887 996 1952 adversarium.
1030 1907 1106 1952 sane
1121 1889 1263 1970 potuisse
1277 1887 1366 1950 illum
1382 1902 1488 1948 errare

229 2009 265 2070 ut
278 2004 447 2083 hominem,
465 2006 568 2086 utqui
585 2006 709 2071 saeculo
725 2025 788 2072 uno
802 2005 868 2071 fere
890 2013 922 2072 et
937 2008 1066 2073 dimidio
1088 2013 1162 2090 post
1175 2007 1349 2072 Minucium
1368 2005 1489 2082 vixerit,

230 2125 376 2202 concedo,
399 2126 458 2189 etsi
480 2145 551 2190 cum
574 2132 678 2192 cetera
698 2133 884 2209 argumenta
906 2129 1010 2192 desint
1026 2146 1119 2209 quam
1143 2127 1221 2192 illud
1236 2127 1278 2192 sit
1298 2125 1490 2192 imbecillum

232 2265 269 2310 ac
290 2245 411 2310 ratione
435 2244 502 2310 fere
525 2246 710 2311 destitutum
733 2248 835 2328 quivis
863 2248 975 2330 opinor
996 2248 1159 2329 intellegit.
1195 2247 1328 2328 proinde
1349 2247 1491 2328 ipsorum

233 2383 366 2446 quorum
390 2383 483 2431 causa
505 2367 608 2449 agitur
623 2371 787 2432 auctorum
803 2368 919 2450 scripta
933 2368 1092 2445 adeamus,
1115 2373 1151 2432 ut
1173 2367 1257 2432 citati
1279 2367 1493 2448 respondeant

233 2503 391 2566 cogamus
414 2485 538 2568 singula
566 2506 676 2553 eorum
698 2488 796 2552 verba
821 2487 946 2552 auraria
972 2493 1008 2551 ut
1034 2488 1122 2552 aiunt
1150 2492 1266 2552 statera
1292 2487 1493 2562 trutinemur,

233 2604 293 2669 hoc
315 2609 364 2668 est
384 2605 570 2687 scrupuloso
592 2607 820 2691 interpretandi
835 2608 977 2673 examine
993 2608 1192 2689 castigemus.
1236 2607 1367 2688 seligam
1387 2609 1493 2670 autern

233 2729 420 2806 argumenta
447 2744 527 2808 quae
556 2729 731 2794 certissima
756 2733 811 2794 aut
841 2735 914 2794 sunt
940 2733 996 2794 aut
1021 2727 1099 2793 mihi
1119 2727 1284 2792 videantur
1311 2743 1389 2790 esse.
1433 2742 1494 2804 qua

233 2843 266 2908 in
295 2863 330 2909 re
358 2844 475 2910 multos
509 2865 614 2913 errare
643 2851 788 2930 cognovi,
819 2853 872 2934 qui
902 2851 977 2914 dum
1006 2853 1191 2930 argumenta
1225 2851 1310 2910 certa
1340 2850 1395 2909 aut
1423 2862 1495 2925 pro·

234 2965 350 3030 babilia
372 2985 443 3031 cum
464 2970 592 3035 incertis
614 2973 670 3034 aui
692 2969 796 3035 dubiis
819 2969 1023 3047 confundunt
1053 2987 1129 3033 suae
1155 2967 1216 3048 ipsi
1243 2983 1355 3030 causae
1382 2981 1496 3028 nocue·

235 3091 318 3166 runt,
339 3106 410 3152 cum
432 3089 604 3155 adversarii
624 3089 702 3154 haec
715 3088 805 3154 facile
820 3091 1017 3172 repellerent,
1032 3089 1085 3153 illa
1104 3094 1160 3153 aut
1174 3088 1299 3152 silentio
1313 3087 1496 3167 premerent

235 3211 291 3270 aut
312 3206 426 3272 horum
448 3209 532 3274 mole
555 3210 734 3274 obruerent.
777 3210 854 3275 baec
875 3211 972 3293 igitur
995 3228 1143 3292 suprema
1164 3208 1256 3272 nobis
1278 3207 1327 3270 lex
1343 3205 1493 3270 sancitor:

237 3327 338 3392 sicubi
371 3328 504 3394 alterum
534 3336 620 3394 recto
653 3331 719 3396 talo
751 3333 930 3414 procedere,
961 3331 1051 3396 alteri
1082 3330 1164 3395 male
1197 3327 1335 3393 calceum
1365 3327 1496 3390 haerere

237 3447 418 3528 viderimus,
439 3447 529 3514 illum
550 3450 610 3515 hoc
631 3451 769 3532 priorem
791 3470 861 3517 esse
884 3459 1068 3518 statuemus.
1112 3451 1168 3516 sed
1189 3467 1230 3513 ne
1248 3449 1280 3513 in
1296 3447 1354 3512 hac
1369 3447 1495 3528 quidem

237 3585 272 3631 re
294 3586 357 3632 non
379 3569 457 3633 vitio
479 3569 572 3634 alicui
593 3573 857 3652 praevertendum
881 3579 937 3652 est,
960 3574 1010 3638 cui
1034 3571 1218 3654 saepissime
1246 3569 1398 3634 obnoxios
1425 3585 1495 3632 esse

238 3688 330 3753 video
353 3689 460 3770 quiin
483 3690 639 3756 eiusmodi
661 3693 898 3773 quaestionibus
926 3693 1128 3774 expediendis
1150 3694 1329 3756 versantur:
1359 3705 1495 3768 namque

239 3809 314 3873 dum
343 3808 433 3874 alteri
462 3811 583 3876 auctori
604 3812 698 3876 nimis
727 3811 841 3892 favent
864 3814 996 3878 alterurn
1027 3813 1129 3877 solent
1154 3812 1248 3876 nimis
1276 3811 1438 3892 increpare
1460 3814 1496 3876 ut

238 3929 438 4010 insipientem
461 3932 617 4013 quendam
647 3951 684 3996 ac
705 3932 824 3997 malum
845 3933 974 3998 alterius
1003 3933 1207 4010 imitatorem,
1234 3931 1330 4012 idque
1359 3936 1395 3995 ut
1425 3931 1495 3995 aliis

239 4049 452 4134 persuadeant
466 4053 555 4134 quasi
577 4052 618 4116 ad
632 4052 738 4117 vivum
760 4073 832 4118 eum
853 4059 961 4119 secant
975 4053 1166 4135 disiectaque
1181 4053 1250 4117 eius
1265 4069 1335 4116 esse
1353 4050 1496 4114 membra

241 4169 434 4234 contendunt
455 4187 536 4251 quae
557 4170 589 4234 in
611 4169 709 4238 altero
731 4177 804 4254 apte
823 4174 906 4238 inter
928 4192 962 4238 se
984 4192 1064 4239 nera
1078 4176 1153 4241 sint:
1176 4192 1238 4254 quo
1254 4171 1359 4237 studio
1375 4170 1497 4251 abrepti

241 4294 336 4372 atque
358 4291 516 4358 obcaecati
538 4292 644 4356 inania
665 4311 759 4374 saepe
780 4294 920 4375 produnt
945 4300 1048 4376 atque,
1071 4294 1156 4376 quod
1182 4294 1279 4370 aiunt
1302 4291 1377 4356 dum
1400 4289 1497 4356 nimia

243 4412 460 4477 demonstrare
489 4419 610 4495 parant,
638 4414 683 4477 nil
711 4414 945 4480 demonstrasse
979 4417 1215 4481 convincuntur.
1264 4429 1326 4494 quo
1354 4411 1430 4476 vitio
1457 4428 1497 4474 ne

242 4532 380 4597 Ebertus
402 4533 529 4615 quidem
551 4553 670 4600 vacuus
690 4534 833 4598 Hartelio
855 4533 977 4598 facilem
999 4535 1145 4616 praebuit
1167 4531 1422 4614 reprehensionis
1444 4551 1499 4596 an-

368 4780 394 4844 1)
414 4778 455 4833 Ol.
473 4778 702 4837 Haruackius.
722 4776 901 4845 Sitzungsber.
921 4775 946 4829 d.
965 4775 1035 4828 Borl.
1057 4773 1107 4829 Ar.
1129 4775 1196 4831 1893
1216 4792 1242 4844 p.
1257 4775 1306 4830 721
1326 4791 1383 4845 sqq.
1484 4765 1486 4768 ’

1652 557 1661 588 i
