3410 5408
817 391 858 452 23

207 575 295 641 latini
317 578 443 659 quidem
467 577 618 655 rhetores
642 596 774 658 quorum
797 577 928 642 historia
951 595 991 640 ne
1006 574 1125 640 diutius
1148 573 1244 638 lateat
1265 575 1381 656 insigni
1404 577 1470 641 Fri·

209 695 304 760 derici
342 697 454 762 Marxii
487 697 623 762 acumini
661 698 806 777 debetur,
843 697 954 779 pingui
987 695 1033 760 illi
1070 695 1213 758 Minerva
1247 695 1296 758 usi
1330 696 1470 777 rectique

207 815 323 882 iudicio
345 817 495 895 destituti,
511 817 586 881 dum
602 817 823 897 intempestive
841 836 878 881 ac
893 815 1055 898 pueriliter
1070 815 1187 894 ubique
1205 817 1330 894 captant
1343 813 1469 896 figuras,

209 937 344 1001 rariores
367 938 536 1002 verborum
558 936 676 1002 formas
705 938 824 1018 passim
851 935 1055 1012 admiserunt,
1084 933 1171 998 velut
1198 933 1230 996 in
1260 950 1297 996 eo
1327 935 1470 1017 exemplo

208 1057 293 1137 quod
314 1061 423 1122 auctor
446 1057 674 1122 rhetoricorum
697 1057 738 1121 ad
759 1055 957 1120 Herennium
987 1053 1076 1118 finxit
1101 1053 1182 1118 libro
1210 1057 1322 1134 quarto
1351 1055 1469 1140 (2028)

208 1178 400 1240 audaciter
421 1179 549 1255 territas,
572 1177 720 1239 lrztmititer
744 1177 861 1258 placas,
885 1176 936 1240 vel
964 1175 1067 1256 primo
1090 1174 1207 1256 (ripa)
1237 1195 1307 1234 cosa
1335 1184 1361 1236 et
1386 1175 1469 1251 for-

207 1297 338 1383 tuitrr¹)
369 1298 453 1360 nucis
483 1298 513 1358 in
537 1306 664 1378 portum
691 1295 844 1357 incolumis
875 1297 974 1358 deicito
1003 1307 1058 1369 cst,
1091 1310 1224 1374 quorum
1255 1293 1469 1374 exemplorum

209 1417 323 1481 similia
342 1417 481 1482 Marxius
504 1415 629 1496 collegit
651 1412 854 1495 praefationis
876 1435 906 1497 p.
930 1418 999 1480 171.
1051 1431 1114 1476 non
1144 1415 1188 1476 ita
1216 1413 1377 1477 Romanae
1407 1414 1469 1478 elo-

211 1538 358 1618 quentiae
388 1537 480 1615 deus,
511 1535 742 1615 suaviloquenti
772 1534 825 1598 ille
854 1535 975 1599 Atticas
1009 1533 1175 1599 facundiae
1203 1533 1320 1597 tinctus
1354 1533 1470 1615 lepore.

207 1657 264 1721 sed
296 1663 402 1721 tamen
438 1657 642 1720 inveniuntur
676 1655 818 1736 exempla
849 1655 935 1720 haud
961 1673 1069 1736 pauca,
1104 1654 1219 1736 quibus
1253 1653 1469 1720 concinnitatis

209 1797 303 1841 causa
317 1777 457 1858 linguam
475 1782 587 1840 utnon
604 1775 735 1840 laesisse
750 1776 793 1838 ita
808 1795 827 1839 a
843 1776 935 1840 solita
950 1794 1042 1856 quam
1064 1773 1226 1854 analogiae
1247 1773 1469 1854 obtemperans

208 1897 269 1961 sibi
299 1898 367 1979 ipse
391 1897 493 1980 sanxit
521 1914 632 1960 norma
661 1895 790 1976 paulum
823 1894 987 1960 deflexisse
1017 1895 1260 1959 demonstratur.
1310 1893 1408 1957 veluti
1437 1895 1469 1958 in

208 2017 317 2098 lingua
337 2017 443 2096 latina,
475 2020 512 2080 ut
533 2022 583 2079 est
604 2033 680 2096 prae
702 2035 814 2096 graeca
840 2014 927 2079 molli
954 2013 1125 2094 mobilique
1151 2013 1281 2093 rigidior
1310 2013 1469 2094 aliquanto

208 2143 239 2200 et
273 2137 389 2214 durior,
424 2135 620 2200 substantiva
653 2154 733 2216 quae
767 2136 875 2200 dicunt
908 2135 1047 2201 verbalia
1077 2135 1213 2216 antiquis
1250 2135 1469 2198 tantummodo

208 2256 412 2336 temporibus,
437 2274 507 2320 curn
531 2257 650 2320 severis
672 2257 802 2322 rationis
825 2256 945 2320 normis
967 2256 1108 2319 nondum
1131 2255 1260 2318 subacta
1286 2254 1342 2318 sed
1363 2255 1469 2318 nativo

207 2375 344 2456 quodam
369 2375 477 2455 vigore
499 2375 642 2456 praedita
663 2376 792 2442 liberius
808 2377 907 2440 multo
928 2380 1022 2457 atque
1037 2373 1167 2438 effusius
1183 2377 1376 2456 evagaretur,
1398 2392 1469 2437 cum

209 2493 332 2558 casibus
361 2495 509 2576 coniungi
539 2501 649 2560 notum
677 2502 738 2576 est,
763 2515 900 2578 namque
928 2501 964 2560 ut
989 2495 1080 2560 Plato
1112 2490 1153 2557 τὰ
1175 2494 1237 2582 παρ’
1269 2487 1355 2578 ἡμῶν
1385 2486 1469 2580 δῶρα

206 2623 268 2687 τοῖς
299 2620 381 2688 θεοῖς
411 2620 443 2678 et
476 2614 673 2697 Thucydides
704 2612 723 2687 t.
748 2623 810 2680 τῶν
841 2618 958 2704 χωρίων
988 2606 1132 2688 ἀλλήλοις
1165 2613 1219 2677 οὐκ
1252 2605 1395 2687 ἀπόδοσις
1424 2613 1468 2676 na

207 2733 341 2798 Plautus
369 2735 442 2817 quid
467 2736 521 2797 tibi
545 2735 621 2798 banc
647 2739 787 2801 cleranos
814 2761 887 2813 rein,
917 2737 968 2801 vel
995 2737 1068 2820 quid
1092 2735 1167 2798 cnidii
1187 2736 1300 2798 scelesto
1326 2735 1380 2797 tibi
1405 2745 1468 2797 erat

206 2854 381 2916 canonicario
403 2858 509 2939 quidve
529 2857 597 2919 bine
619 2858 729 2921 abitio?
761 2859 866 2941 quidue
887 2860 919 2920 in
940 2879 1044 2919 cruor-m
1066 2857 1216 2931 descensio,
1234 2860 1377 2920 sescenta
1391 2855 1466 2936 alia3

207 2991 287 3055 quac
309 2974 371 3038 iarn
393 2994 411 3038 a
433 2979 588 3056 Terentio,
616 2978 677 3041 nisi
705 2975 805 3056 fallor,
827 2977 929 3042 aliena
956 2980 1030 3040 sunt
1059 2975 1110 3061 (cf.
1132 2976 1312 3040 Ruhnkenii
1338 2977 1467 3042 adnota-

206 3097 324 3162 tionem
350 3098 383 3161 in
406 3097 546 3162 Andriae
568 3117 596 3162 v.
618 3101 694 3182 loo)
721 3117 823 3178 neque
850 3097 883 3160 id
905 3095 1030 3173 mirum,
1053 3117 1124 3161 oum
1152 3097 1300 3161 Plautum
1327 3099 1409 3162 inter
1436 3103 1468 3162 et

206 3218 387 3282 Terentium
415 3218 611 3299 maximeque
638 3219 739 3300 ipsius
768 3218 907 3282 Terentii
936 3221 1038 3281 aetate
1066 3217 1234 3281 existerent
1263 3219 1406 3283 homines
1436 3225 1468 3284 et

205 3338 381 3402 litterarum
416 3344 448 3402 et
480 3339 652 3403 nobilitatis
681 3339 866 3403 auctoritate
896 3337 1096 3416 excellenteS,
1126 3337 1179 3418 qui
1213 3337 1339 3420 linguae
1368 3340 1467 3404 libere

201 3459 354 3539 'spirantis
377 3477 519 3522 securam
543 3456 724 3523 felicitatem
747 3465 813 3524 arte
836 3464 866 3522 et
889 3459 1009 3522 ratione
1024 3458 1239 3539 reprimerent.
1274 3478 1311 3522 ex
1330 3460 1467 3540 posteris

205 3579 301 3660 igitur
321 3579 375 3660 qui
390 3579 571 3644 Plautinum
593 3579 733 3644 imitatus
764 3580 804 3643 sit
833 3579 1009 3660 exemplum
1045 3599 1143 3644 unum
1171 3580 1296 3644 invenio
1325 3581 1467 3645 Marcum

207 3697 374 3762 Caesarem
413 3699 466 3779 qui
501 3699 542 3763 ad
574 3701 764 3764 Frontonem
798 3701 984 3782 magistrum
1013 3701 1057 3764 ita
1087 3701 1212 3782 scripsit
1244 3701 1290 3782 (ΙΙ
1315 3704 1382 3784 15);
1415 3702 1468 3764 itta

206 3820 320 3882 cottidie
342 3830 393 3880 toa
415 3819 544 3882 Lorium
566 3821 669 3902 vent-io,
692 3821 776 3901 quod
791 3839 828 3884 ex
843 3821 1024 3886 Truculenti
1038 3821 1203 3884 Plautinae
1222 3819 1346 3885 fabulae
1361 3842 1389 3886 v.
1405 3824 1466 3886 599

205 3939 279 4023 qnid
293 3940 346 4001 tibi
359 3939 414 4001 buc
428 3940 521 4002 isacio
543 3957 726 4020 expressum
749 3959 819 4005 esse
833 3943 903 4023 ipso
919 3941 1074 4005 ventionis
1089 3940 1217 4004 nomine
1233 3939 1467 4006 demonstratur

206 4063 409 4140 (quamquam
433 4061 554 4123 domum
576 4061 636 4140 ido,
658 4063 713 4124 iter
734 4062 969 4136 Alecandrecm,
997 4063 1133 4124 introitus
1161 4061 1327 4144 Zmyrnam
1354 4062 1386 4124 in
1413 4081 1467 4126 VO-

206 4179 325 4244 cabulis
352 4185 473 4244 motum
501 4179 749 4262 significantibus
779 4181 889 4246 Cicero
912 4181 1027 4246 Caesar
1056 4180 1109 4244 alii
1137 4180 1303 4266 dixerunt).
1347 4201 1408 4263 qua
1434 4183 1466 4246 in

205 4319 240 4364 re
264 4300 382 4379 Cicero,
402 4302 461 4366 etsi
483 4303 524 4366 ad
546 4302 710 4366 Plautinae
727 4303 873 4367 dictionis
895 4302 1057 4366 audaciam
1081 4301 1146 4365 sive
1169 4306 1205 4364 ut
1226 4301 1342 4366 rectius
1365 4299 1466 4366 dicam

205 4423 370 4486 veritatem
392 4443 429 4487 ao
453 4423 684 4504 simplicitatem
707 4440 771 4486 non
786 4441 916 4503 prorsus
939 4421 1066 4500 accedit,
1093 4427 1198 4485 tamen
1218 4421 1273 4484 ubi
1295 4423 1467 4486 sententias

204 4541 287 4606 belle
328 4544 444 4626 figurat
484 4550 538 4609 aut
581 4543 779 4608 definitiones
822 4547 895 4624 apte
931 4542 1101 4621 concludit,
1138 4541 1291 4606 brevitate
1331 4543 1466 4624 quadam

330 4708 358 4773 1)
378 4706 462 4758 Noctu
480 4707 498 4758 d
504 4709 584 4772 ioque
602 4705 664 4762 inde
683 4723 699 4760 a
716 4706 813 4760 Plauto
832 4709 860 4761 ot
878 4706 1006 4760 Sallustio
1025 4705 1159 4777 usquead
1184 4705 1308 4760 Tacitum
1327 4708 1356 4759 et
1373 4704 1466 4777 Appu-

208 4793 290 4848 leium
307 4793 415 4862 legitur.
