3410 5408
862 392 901 454 14

248 576 345 640 sacris
368 577 445 651 orta,
468 573 522 653 qui
544 577 576 637 ct
597 578 682 638 totos
704 573 810 638 asinos
833 561 905 640 cum
927 577 1040 658 Epona
1062 579 1122 642 dea
1136 574 1244 639 colunt
1258 579 1290 638 et
1305 577 1381 641 deos
1397 577 1514 643 habent

247 715 284 760 ex
313 695 476 760 hominum
510 694 747 776 bestiarumque
776 694 887 760 formis
917 697 1117 775 commixtos3
1150 697 1226 760 item
1254 697 1294 760 (16
1323 698 1512 778 genitalibus

246 818 383 883 adoratis
406 821 438 880 et
464 815 503 880 de
524 814 652 880 homine
674 819 803 904 propter
824 816 938 897 ingens
960 815 1081 880 facinus
1109 817 1221 898 punito
1244 817 1407 882 mendacia
1429 823 1512 899 sunt,

246 955 326 1019 quaa
351 935 502 1002 Octavius
524 935 792 1016 quemadmodum
822 935 974 1015 refutarit,
1002 956 1065 1001 non
1089 954 1169 1018 opus
1197 941 1246 1002 cst
1272 956 1418 1003 enarrare
1444 939 1511 1004 lon-

244 1058 328 1139 gius;
351 1057 486 1137 denique
509 1056 548 1120 de
567 1075 659 1120 cruce
676 1060 859 1120 consecrata
878 1075 937 1121 neo
960 1074 1054 1121 verus
1077 1060 1126 1120 est
1146 1073 1255 1120 rumor
1277 1063 1317 1136 et,
1339 1063 1375 1123 ut
1397 1060 1438 1124 sit
1458 1059 1511 1124 ille

244 1195 348 1256 verus,
370 1177 497 1258 signum
521 1177 622 1241 crucis
646 1176 706 1240 alio
722 1177 817 1241 modo
831 1177 1103 1258 interpretandum
1127 1182 1184 1240 est.
1226 1177 1290 1241 iam
1312 1178 1510 1245 conferamus

244 1296 485 1375 Tertullianum,
514 1297 567 1378 qui
597 1296 636 1360 (16
665 1296 777 1360 iisdem
808 1297 1026 1378 similibusque
1058 1296 1154 1361 rebus
1185 1298 1311 1378 exponit
1339 1300 1513 1384 apolopetici

245 1438 271 1484 c.
295 1421 343 1483 16.
386 1422 535 1500 quattuor
550 1421 582 1480 et
596 1417 665 1498 ipse
682 1415 931 1482 Christianorum
951 1418 1003 1482 dei
1022 1417 1188 1497 cultusque
1207 1415 1324 1482 formas
1347 1426 1511 1484 enumerat

243 1539 303 1603 hoc
318 1539 444 1620 quidem
461 1539 586 1603 ordine:
610 1540 726 1617 caput
747 1535 956 1615 asininum,
979 1554 1147 1614 crucem,
1167 1537 1303 1618 solem,
1319 1539 1509 1606 homiuem

238 1661 308 1752 ¹qui
330 1665 390 1724 est
411 1659 568 1724 auribus
590 1655 755 1722 asininis
786 1661 822 1719 et
849 1657 971 1721 altero
1000 1657 1097 1738 pede
1127 1657 1350 1738 ungulatus.
1394 1663 1511 1726 omitt't

244 1782 341 1862 igitur
363 1799 443 1862 quae
465 1779 623 1844 Minucius
646 1775 741 1840 habet
762 1776 801 1839 (16
829 1777 1020 1856 genitalibus
1047 1783 1079 1841 et
1103 1776 1142 1840 de
1169 1776 1297 1842 homine
1323 1782 1424 1860 noxio,
1452 1801 1510 1864 pro

242 1899 358 1981 quibus
381 1899 545 1962 substituit
566 1899 665 1962 solem
689 1901 721 1960 et
743 1902 920 1961 monstrum
942 1896 1020 1960 illud
1041 1915 1078 1959 ex
1093 1897 1221 1962 homine
1243 1899 1407 1983 bestiaque
1426 1920 1510 1966 com·

245 2020 386 2083 mixtum.
429 2018 507 2082 baec
528 2019 718 2099 quicumque
740 2016 988 2099 perlustraverit
1004 2035 1086 2095 eum,
1106 2017 1140 2080 ni
1157 2015 1257 2097 fallor,
1271 2021 1349 2084 ordo
1364 2040 1426 2103 quo
1442 2039 1511 2086 sese

242 2139 401 2221 excipiunt
419 2138 551 2220 singula,
575 2136 724 2201 offendet:
748 2157 803 2202 cur
826 2139 909 2202 enim
932 2137 985 2202 illa
1001 2138 1040 2202 (16
1055 2140 1157 2218 capite
1172 2139 1293 2202 asinino
1317 2145 1349 2204 et
1367 2147 1510 2206 monstro

241 2261 365 2324 aurium
395 2259 596 2337 asininarum,
634 2277 714 2340 quae
736 2259 915 2339 argumenti
947 2263 1021 2322 sunt
1055 2257 1215 2336 simillimi,
1235 2259 1279 2322 ita
1307 2261 1441 2326 alterum
1468 2263 1508 2326 ab

240 2379 340 2444 altero
356 2379 483 2457 dirimit
496 2384 532 2442 ut
546 2380 609 2443 duo
624 2381 813 2460 interponat,
837 2397 917 2458 quae
931 2379 963 2442 in
980 2397 1096 2460 genere
1111 2384 1277 2444 versantur
1292 2381 1508 2447 alienissimo?

242 2505 337 2581 atque
370 2519 497 2564 oausam
528 2501 669 2580 quidem,
703 2518 765 2580 qua
798 2505 975 2565 commotus
1008 2498 1141 2564 formam
1173 2500 1259 2564 illam
1293 2503 1507 2583 prodigiosam

242 2620 354 2684 ultimo
376 2621 445 2684 loco
468 2621 618 2702 posuerit,
640 2621 708 2702 ipse
730 2619 857 2684 indicat.
901 2621 940 2684 (16
962 2621 1065 2684 tribus
1081 2620 1164 2683 enim
1188 2619 1251 2684 illis
1273 2621 1383 2687 formis
1398 2623 1508 2704 priori-

242 2741 303 2804 bus
323 2746 491 2822 postquam
513 2742 609 2806 vcrba
630 2740 704 2804 fecit
725 2745 757 2804 et
778 2741 902 2821 ineptas
930 2741 969 2804 de
997 2739 1130 2821 singulis
1158 2740 1324 2821 opiniones
1350 2742 1507 2822 refutavit,

242 2861 287 2924 sic
308 2863 425 2942 pergit:
446 2863 499 2924 sed
520 2885 611 2923 novo
632 2863 695 2923 ium
717 2862 880 2923 deivarae·
908 2862 937 2922 iu
967 2862 1181 2942 inlapsoaime
1202 2865 1316 2927 ciuitate
1337 2866 1507 2946 6111116116-

241 2981 349 3044 blicata
371 2993 421 3058 ea,
444 3001 524 3063 quae
547 2986 596 3046 est
618 2981 668 3045 dei
690 2981 775 3045 illius
797 2982 978 3046 monstrosi.
1020 2983 1126 3064 itaque
1148 2982 1228 3047 hano
1242 2982 1377 3048 formam
1397 3001 1507 3048 recens

242 3102 402 3166 inventam
433 3102 591 3184 prioribus
618 3101 680 3165 illis
711 3101 834 3165 addidit
867 3107 1047 3183 temporum
1081 3108 1209 3167 secutus
1241 3109 1291 3168 rat
1299 3123 1402 3168 onem.
1451 3122 1507 3166 cur

241 3227 355 3300 autem,
371 3223 403 3286 id
426 3223 508 3286 onim
533 3241 659 3303 quaero,
682 3221 777 3285 trium
800 3223 941 3303 priorum
964 3223 1106 3286 ordinem
1129 3242 1192 3287 non
1214 3225 1259 3288 ita
1280 3225 1451 3302 constituit,
1472 3228 1508 3286 ut

244 3343 283 3407 de
305 3344 406 3425 capite
428 3344 550 3408 asinino
572 3344 755 3425 loqueretur
777 3343 870 3406 tertio
891 3342 981 3406 loco?
1003 3343 1048 3406 ita
1070 3343 1153 3408 enim
1177 3362 1257 3425 quae
1283 3345 1316 3408 in
1346 3363 1381 3408 re
1410 3343 1507 3409 simil-

240 3461 315 3526 lima
337 3469 539 3528 versarentur
562 3465 648 3529 salva
669 3468 848 3544 temporum
872 3463 995 3527 ratione
1016 3463 1103 3527 iuxta
1125 3469 1231 3528 essent
1257 3466 1369 3546 posita.
1412 3483 1506 3548 prop-

241 3586 335 3660 terea,
359 3585 462 3664 credo,
486 3604 549 3649 non
572 3582 653 3663 fecit,
675 3585 749 3665 quia
772 3584 861 3648 illum
885 3584 1028 3648 ordinem
1057 3584 1096 3648 de
1125 3585 1226 3665 capite
1253 3587 1377 3650 asinino
1406 3589 1439 3649 ct
1465 3585 1505 3648 de

241 3704 429 3789 cruceapud
444 3705 617 3769 Minucium
639 3705 761 3768 institui
776 3705 911 3782 videbat,
928 3722 1022 3785 quem
1041 3705 1116 3768 dum
1137 3705 1279 3786 sequitur
1294 3705 1454 3770 simillima
1471 3722 1505 3768 se

242 3823 392 3888 divellere
406 3830 462 3888 aut
476 3844 539 3889 non
553 3825 774 3890 animadvertit
792 3831 855 3903 aut,
872 3824 957 3904 quod
973 3825 1074 3904 magis
1091 3825 1287 3904 crediderim,
1301 3843 1365 3889 non
1377 3825 1505 3890 curavit.

366 3945 455 4009 Haec
472 3963 552 4025 quac
568 3945 726 4026 disputavi
741 3946 795 4026 qui
814 3963 889 4009 vera
905 3962 975 4008 esse
996 3944 1057 4008 sibi
1073 3946 1318 4026 persuadebunt,
1336 3945 1365 4008 ei
1381 3945 1504 4010 Tertul-

241 4064 316 4129 liani
331 4065 562 4147 apologeticum
577 4071 650 4148 post
664 4065 794 4129 Minucii
811 4065 977 4130 Octavium
991 4037 1203 4148 conscriptum
1219 4084 1290 4131 esse
1303 4083 1426 4131 mecum
1443 4071 1504 4131 sta-

240 4191 338 4251 tuent
359 4187 587 4252 Tertullianum
600 4184 697 4250 semel
709 4202 848 4248 errorem
863 4186 995 4250 Minucii
1007 4186 1188 4265 correxisse,
1201 4187 1328 4268 saepius
1338 4187 1442 4269 ipsum
1456 4205 1503 4251 er-

239 4324 327 4372 rasse
342 4307 557 4389 cognovimus.
584 4305 669 4387 quod
681 4322 723 4368 ne
737 4305 863 4385 gravius
874 4303 1022 4384 feramus,
1034 4306 1094 4370 hoc
1106 4307 1306 4388 cogitandum
1320 4312 1380 4371 est:
1397 4308 1503 4372 rhetor

238 4425 299 4492 luit
320 4427 540 4505 Tertullianus,
562 4428 696 4509 scriptor
717 4425 875 4490 Minucius
898 4430 930 4489 et
951 4427 1043 4490 sicuti
1066 4426 1190 4490 dicendi
1213 4443 1312 4506 genus
1327 4427 1380 4491 ille
1401 4424 1502 4508 s'equi-

240 4553 293 4611 tur
324 4546 481 4612 fervidum
511 4548 739 4628 incitatumque
772 4546 823 4610 hio
855 4545 926 4608 lene
951 4551 1158 4625 tractumque,
1187 4545 1231 4608 ita
1259 4546 1502 4628 argumentandi

240 4667 361 4730 ratione
382 4667 435 4730 ille
457 4667 556 4730 utitur
577 4667 703 4731 turbida
725 4686 762 4731 ac
784 4667 931 4748 captiosa,
951 4664 1001 4728 hio
1023 4664 1146 4746 placida
1167 4670 1261 4746 atque
1283 4667 1396 4732 veraci.
