3410 5408
810 419 851 482 45

421 620 435 883 γ
454 599 619 688 ἀνέχεσθαι
641 602 694 688 μὲν
715 598 934 692 ἀδικουμένους,

455 722 581 810 ὠφελεῖν
602 717 637 786 δὲ
658 720 729 800 τοὺς
750 719 938 803 ἀδικοῦντας,

430 834 573 929 ιρεόγειν
596 835 631 904 δὲ
652 840 722 919 τοὺς
744 845 941 932 βουλομένους
963 842 1097 930 ὠφελεῖν,

456 959 590 1026 ἀπιστεῖν
612 957 647 1026 δὲ
668 975 731 1040 τοῖς
754 967 857 1052 φίλοις,

423 966 603 1164 όπιστεόειν
625 1077 660 1147 δὲ
680 1096 743 1160 τοῖς
765 1087 892 1174 ἐχθροῖς,

456 1199 592 1292 ὀρρωδεῖν
613 1199 648 1268 δὲ
667 1200 708 1267 τὰ
728 1197 835 1292 πόρρω,

422 1206 496 1406 {aa
518 1317 553 1386 δὲ
574 1326 698 1396 πλησίον
719 1319 868 1412 ὑπερορᾶν,

205 1446 272 1504 tota
293 1442 448 1506 sententia
466 1443 567 1506 tribus
589 1443 740 1507 membris
762 1447 891 1521 constat,
913 1461 1047 1524 quorum
1070 1441 1207 1522 primum
1227 1443 1331 1520 trium,
1355 1459 1464 1506 secun-

205 1562 280 1625 dum
303 1567 335 1625 et
354 1563 481 1626 tertium
502 1561 648 1626 binorum
672 1567 862 1626 commatum
885 1566 941 1625 est.
985 1561 1086 1624 Iseei
1114 1559 1199 1641 Syri
1228 1559 1333 1623 nobile
1363 1557 1464 1622 fuisse

204 1680 304 1746 fertur
326 1683 521 1746 enuntiatum
544 1682 645 1746 tribus
668 1687 852 1763 conceptum
880 1681 1043 1746 sententiis
1065 1680 1133 1759 hoc,
1160 1679 1245 1760 quod
1271 1683 1402 1761 propter
1430 1679 1464 1742 id

206 1801 312 1882 ipsum
343 1797 396 1884 (τὰ
424 1801 490 1889 τρία
512 1805 624 1887 ταῦτα)
653 1801 881 1866 aPhilostrato
910 1803 942 1864 in
968 1801 1032 1866 vita
1061 1801 1129 1864 eius
1159 1797 1287 1863 affertur
1317 1800 1464 1883 (120‚2):

207 1920 326 2006 ἐλέγχω
355 1913 496 1984 Πύθωνα
527 1913 744 2009 προδεδωκότα
772 1927 818 2002 τῷ
851 1913 996 2008 χρόσαντι
1021 1925 1097 2002 θεῷ,
1133 1925 1178 2000 τῷ
1211 1909 1337 1988 δήσαντι
1364 1908 1462 2003 δήμῳ,

204 2046 250 2120 τῷ
272 2033 465 2116 ἀναζεύξαντι
486 2043 635 2124 Φιλίππῳ.
681 2037 696 2106 ὁ
720 2041 774 2128 μὲν
794 2037 850 2129 γὰρ
880 2040 934 2104 οὐκ
963 2036 999 2102 ἄν
1028 2043 1157 2126 ἔχρησεν,
1186 2045 1210 2102 εἰ
1239 2029 1279 2124 pl
1302 2063 1347 2112 τις
1372 2030 1421 2108 ἦν·
1445 2032 1461 2100 ὁ

206 2153 242 2222 δὲ
264 2159 319 2223 οὐκ
340 2157 376 2223 ab
398 2153 510 2241 ἔδησεν,
533 2168 558 2226 εἰ
579 2158 619 2248 μὴ
641 2167 778 2238 τοιοῦτος
799 2155 849 2234 ἦν·
878 2159 893 2225 ὁ
917 2155 951 2224 δὲ
974 2160 1028 2224 οὐκ
1049 2157 1085 2222 ἂν
1114 2151 1274 2238 ἀνέζευξεν,
1298 2163 1323 2222 εἰ
1349 2148 1399 2244 μή,
1423 2149 1457 2219 δι’

203 2277 237 2344 ὃν
258 2273 363 2364 ἦλθεν,
386 2279 443 2366 οὐχ
464 2271 551 2370 εὗρεν.
595 2283 667 2346 Dio
692 2283 849 2347 Cassius
869 2282 924 2346 ubi
944 2300 996 2346 res
1017 2285 1122 2362 gestas
1144 2282 1268 2344 enarrat
1296 2295 1377 2358 puro
1399 2277 1460 2340 ele·

206 2401 353 2482 gentique
376 2402 498 2466 dicendi
520 2421 634 2484 genere
656 2403 703 2466 uti
728 2402 809 2466 solet
837 2443 876 2451 -
908 2419 1097 2482 quamquam
1125 2419 1164 2464 ne
1192 2401 1225 2463 in
1254 2397 1305 2460 his
1334 2397 1460 2476 quidem

205 2519 309 2599 operis
342 2520 484 2601 partibus
513 2527 676 2586 auctorum
711 2539 790 2604 quos
818 2521 960 2602 sequitur
996 2523 1107 2600 arguta
1134 2518 1302 2583 verborum
1332 2513 1463 2580 artificia

205 2641 333 2703 omnino
356 2641 395 2705 ab
426 2659 463 2704 eo
497 2641 572 2705 reici
606 2639 759 2705 Gerokius
782 2639 886 2720 amplo
920 2657 1013 2720 quem
1044 2655 1146 2719 nuper
1180 2637 1218 2701 de
1241 2635 1378 2700 Senecae
1398 2635 1462 2699 vita

206 2757 392 2838 scriptisque
421 2758 520 2822 edidit
551 2757 711 2822 volumine
744 2757 868 2838 egregie
903 2757 1130 2821 demonstravit
1167 2757 1209 2838 (p.
1234 2757 1306 2840 176)
1340 2795 1391 2833 -,
1428 2755 1461 2818 iu

205 2877 328 2958 magnis
351 2895 428 2958 quas
451 2878 538 2958 operi
558 2896 616 2942 suo
637 2878 771 2942 inseruit
792 2877 987 2941 orationibus
1010 2876 1060 2940 sui
1086 2875 1238 2956 temporis
1267 2893 1387 2938 morem
1415 2893 1462 2938 se-

206 3002 297 3061 cutus
319 2997 400 3062 belle
422 3015 517 3078 saepe
539 3015 632 3078 quam
656 2998 792 3079 graviter
814 2996 900 3078 loqui
927 2996 1050 3074 maluit3
1078 2995 1175 3059 veluti
1202 2994 1283 3057 libro
1311 2993 1462 3074 quinqua·

206 3118 326 3199 gesimo
348 3118 441 3182 tertio
463 3118 645 3198 Augustum
667 3117 752 3199 apud
774 3121 879 3198 patres
909 3117 1102 3197 conscriptos
1130 3115 1208 3179 haec
1235 3114 1388 3178 dicentem
1416 3113 1462 3177 iu·

206 3239 294 3303 duxit
320 3238 412 3322 (5,3):
439 3240 489 3300 καὶ
513 3237 567 3300 οὐκ
596 3242 675 3301 ἔστιν
697 3235 712 3301 ὅ
735 3262 766 3300 τι
787 3243 849 3300 τῶν
871 3229 991 3299 πάντων
1017 3234 1164 3323 ἀπέτρεψέ
1191 3257 1227 3320 με
1250 3225 1463 3297 κινδυνεύουσιν

205 3353 270 3444 ὑμῖν
293 3359 490 3444 ἐπικουρῆσαι,
514 3355 548 3420 οὐ
570 3349 658 3432 πόνος
678 3355 711 3420 οὐ
734 3349 833 3444 φόβος,
855 3353 910 3420 οὐκ
932 3357 1052 3444 ἐχθρῶν
1080 3353 1201 3418 ἀπειλαὶ
1228 3351 1262 3416 οὐ
1290 3355 1384 3441 φίλων
1412 3347 1462 3417 δε-

204 3469 293 3557 ήσεις,
316 3476 350 3540 οὐ
372 3473 408 3541 τὸ
431 3481 550 3552 ridear
570 3467 795 3548 συνεστηκότων
818 3473 874 3561 οὐχ
901 3470 920 3545 ἡ
946 3465 1071 3538 ἀπόνοια
1096 3479 1159 3536 τῶν
1185 3471 1460 3558 ἀντιτεταγμένωντ

205 3595 336 3660 tricolon
359 3595 456 3660 habes
479 3596 561 3660 binis
583 3596 689 3660 verbis
711 3595 929 3678 compositum.
973 3595 1113 3659 omnium
1135 3597 1241 3657 autem
1264 3592 1398 3656 maxime
1413 3591 1463 3656 his

207 3715 424 3797 similibusque
445 3715 608 3779 lenociniis
630 3715 804 3778 orationem
827 3714 916 3795 quasi
943 3713 1140 3777 meretricem
1171 3711 1327 3794 quandam
1355 3711 1463 3807 pinge-

206 3837 283 3900 bant
306 3835 528 3900 amatoriarum
552 3836 720 3916 scriptores
735 3833 920 3912 fabularum,
936 3851 1016 3914 quae
1031 3851 1088 3914 pro
1103 3836 1360 3913 argumentorum
1375 3831 1463 3896 lasci·

207 3956 304 4020 vienti
318 3956 441 4019 luxuria
456 3955 580 4019 dicendi
595 3972 719 4036 quoque
734 3953 931 4018 mollitudine
947 3953 1036 4034 quasi
1050 3951 1148 4017 fracte
1162 3971 1199 4016 ac
1214 3955 1342 4016 cevente
1357 3950 1463 4031 legen·

207 4075 286 4139 tium
308 4094 420 4140 sensus
442 4075 570 4139 intimos
593 4075 656 4138 acri
678 4075 813 4156 quadam
835 4073 999 4138 dulcedine
1014 4072 1142 4137 titillant
1163 4077 1202 4151 et
1218 4075 1254 4136 ut
1267 4071 1368 4135 Persii
1382 4070 1463 4143 hanc

207 4195 308 4276 ipsam
331 4195 530 4260 libidinosam
554 4194 677 4258 dicendi
699 4194 836 4258 scabiem
860 4194 1040 4274 castigantis
1059 4193 1218 4258 vocabulis
1240 4192 1358 4257 honore
1374 4209 1463 4273 prae·

207 4313 310 4378 fandis
332 4319 411 4393 utar,
433 4315 559 4378 lumbos
581 4314 699 4378 intrant
708 4317 739 4398 ¹).
783 4313 896 4378 horum
916 4313 1103 4394 scriptorum
1119 4332 1190 4377 meo
1206 4313 1332 4394 quidem
1347 4311 1463 4375 iudicio

332 4548 361 4614 l)
381 4545 511 4600 Memoria
529 4545 626 4612 dignus
643 4544 689 4600 hic
709 4545 776 4599 mihi
793 4547 900 4600 videtur
918 4561 974 4599 osse
993 4546 1168 4614 Hermogenis
1186 4547 1260 4600 locus
1274 4545 1336 4598 libri
1347 4545 1379 4598 de
1396 4544 1464 4598 ideis

208 4633 317 4687 secundi
335 4635 375 4702 (p.
394 4634 445 4689 368
464 4635 522 4702 Sp.)
541 4630 555 4684 ὁ
573 4631 600 4684 δὲ
617 4633 669 4700 περὶ
685 4629 775 4699 ἡδονῆς
792 4621 864 4692 οὗτος
881 4632 921 4684 καλ
939 4627 1088 4700 γλυκύτητος
1105 4629 1164 4703 ἡμῖν
1179 4631 1261 4703 ῥηθελς
1272 4626 1346 4699 λόγος
1364 4627 1378 4683 ὁ
1393 4624 1464 4690 αὑτός

207 4712 237 4772 οἷν
253 4718 287 4786 εἴη
306 4713 384 4786 δήπου
403 4719 440 4791 τῷ
457 4719 509 4788 περλ
532 4712 667 4787 ἁβρότητος
683 4719 724 4770 κοιλ
741 4719 793 4788 περὶ
810 4721 855 4771 τοῦ
872 4715 965 4789 ω’ραίου
982 4719 1113 4791 λεγομένου
1131 4714 1208 4787 λόγου
1225 4721 1266 4770 κοιλ
1284 4718 1303 4770 εἷ
1320 4738 1342 4771 τι
1354 4712 1463 4770 τοιουτό-

208 4825 304 4875 τροπον.
341 4807 418 4858 ταῦτα
436 4799 484 4874 γᾶρ
510 4799 576 4876 οἶμαι
604 4800 682 4858 πάντα
707 4807 748 4857 καλ
766 4801 797 4858 τὰ
815 4807 915 4860 τοιαῦτα
942 4801 1043 4876 ὀνόματι
1069 4801 1207 4859 διαλλάττει
1224 4801 1301 4876 μόνῳ,
1319 4804 1368 4858 ἔστι
1387 4803 1414 4856 δὲ
1432 4797 1463 4855 τοὶ
