3410 5408
193 581 360 654 aestumque
385 569 446 631 sinc
478 591 601 650 empore
624 619 631 632 .
652 619 659 632 .
680 618 687 632 .
706 571 855 632 sciendam
881 592 948 632 atero
975 571 1006 631 in
1027 571 1149 652 primis,
1177 569 1251 654 quid
1277 571 1398 654 quisquc
1425 571 1457 633 iu

195 691 310 754 orando
335 689 465 771 postulet
494 688 582 770 locus,
609 690 683 773 quid
711 712 849 770 persono,
882 691 955 774 qaid
981 701 1114 771 ternpus:
1146 689 1244 752 araim
1273 691 1351 753 enim
1378 713 1457 772 pars

195 809 491 893 lrorurnflqurorum
508 810 609 890 posito
639 822 679 872 est
704 811 736 872 in
758 811 952 873 delectatione.
996 811 1048 872 ulri
1072 831 1139 873 uero
1164 811 1315 872 atrocitate
1343 810 1457 872 invidio

196 928 381 991 remoratione
396 930 598 1011 prrqnandurn
619 941 668 1012 est,
691 931 756 1013 quis
771 931 858 1014 forat
885 931 1147 1012 contrapositis
1178 940 1204 990 ct
1223 931 1372 1011 pariter
1399 952 1458 990 co-

198 1048 365 1110 dentibus
386 1059 412 1110 ct
433 1050 684 1112 consimilibus
704 1051 877 1112 irascentem
892 1049 1013 1134 flantem
1034 1059 1197 1131 repentem,
1226 1071 1291 1110 cum
1312 1049 1407 1110 nlntio
1428 1051 1459 1112 in

197 1166 241 1228 la's
270 1168 356 1230 robus
384 1171 633 1232 carucatarum
665 1170 783 1251 doroqct
815 1169 979 1252 adfectibus
1003 1167 1116 1252 fictam,
1148 1178 1174 1229 et
1203 1167 1375 1250 ubicumque
1409 1190 1460 1228 ors

198 1297 367 1362 ostentatur,
395 1289 501 1350 veritos
527 1289 625 1350 obesse
653 1289 796 1351 uideatur.
853 1305 933 1368 quae
961 1292 1025 1351 tam
1056 1286 1172 1350 diserte
1204 1285 1287 1350 diota
1316 1290 1398 1364 sunt,
1427 1293 1473 1350 ut'

199 1407 314 1487 quibus
340 1407 444 1489 aptius
473 1407 645 1470 Minuciani
674 1407 829 1470 sermonis
859 1407 995 1471 colorem
1026 1407 1185 1471 describas
1217 1407 1268 1470 vix
1296 1407 1461 1484 inveneris

200 1545 388 1608 quamquam
418 1527 451 1590 in
480 1527 611 1590 Minucii
639 1525 791 1590 honorem
826 1526 886 1590 hoc
915 1526 1040 1591 videtur
1068 1526 1249 1590 addendum
1280 1545 1358 1606 esse,
1389 1546 1462 1591 eum

199 1644 309 1726 figuris
330 1645 545 1710 delectationis
568 1665 663 1710 causa
684 1645 832 1710 adhibitis
854 1665 960 1710 rerum
983 1645 1108 1726 pondus
1131 1650 1163 1708 et
1176 1645 1361 1726 gravitatem
1378 1646 1463 1710 debi-

200 1765 316 1844 litasse‚
339 1785 402 1830 non
424 1765 565 1847 fregisse,
588 1772 624 1830 ut
646 1766 748 1830 dulcia
770 1767 885 1846 quibus
907 1767 1048 1830 abundat
1070 1765 1152 1842 vitia,
1176 1783 1255 1845 quae
1277 1785 1370 1830 aures
1393 1785 1463 1831 sen-

202 1903 336 1966 sumque
358 1885 437 1949 mire
459 1887 549 1968 quasi
571 1887 698 1950 titillant
720 1887 871 1968 suavique
892 1884 1090 1966 permulcent
1111 1883 1279 1965 voluptate,
1300 1903 1376 1965 prae
1390 1883 1465 1949 torti

201 2005 385 2070 Tertulliani
407 2005 560 2086 dignitate
582 2005 823 2086 vehementique
844 2004 968 2068 fervore
991 2003 1116 2084 saepius
1144 2002 1342 2084 amplectaris
1370 2022 1464 2084 quam

202 2141 342 2204 respuas.
386 2124 443 2187 sed
465 2143 506 2187 ne
521 2125 603 2189 desit
623 2125 717 2188 huius
742 2125 866 2190 dicendi
888 2124 985 2188 moris
1003 2123 1219 2187 testimonium
1239 2124 1377 2188 Minucio
1399 2123 1466 2187 lere

202 2243 341 2324 aequale,
364 2243 441 2308 haec
464 2243 593 2322 Gellius,
615 2245 731 2309 veteris
753 2250 899 2308 monetae
922 2248 1058 2307 sectator
1073 2243 1285 2324 querulasque
1307 2245 1465 2308 minorum

202 2365 379 2445 castigator,
401 2363 554 2428 adversus
581 2366 631 2428 sui
652 2365 804 2447 temporis
827 2363 962 2429 artifices
985 2363 1109 2428 dicendi
1131 2363 1239 2427 scribit
1268 2367 1396 2428 necdum
1419 2377 1465 2427 at-

202 2483 329 2546 ticarum
360 2483 473 2548 XVIII
495 2487 529 2548 8:
564 2479 837 2569 ὁμοιοτέλευτα
862 2497 887 2548 et
914 2475 1200 2554 ἰσοκατάληκτα
1227 2494 1253 2546 et
1281 2475 1414 2570 πάρισα
1443 2497 1469 2548 et

203 2593 445 2686 ὁμοιόπτωτα
475 2615 624 2688 ceteroque
652 2605 821 2668 ludusmodi
841 2607 1022 2680 scitamenta,
1054 2626 1129 2688 quoe
1161 2605 1210 2666 isti
1233 2605 1382 2684 apirocali
1407 2605 1470 2688 qai

203 2742 238 2784 sc
260 2722 469 2785 Isocratios
492 2724 617 2785 uideri
636 2724 760 2786 uolrrnt
780 2726 811 2786 in
834 2723 1078 2786 conlocandis
1099 2724 1213 2785 ver‘bis
1241 2724 1396 2786 ininsodice
1410 2725 1468 2808 fa-

205 2841 284 2902 citent
305 2852 331 2904 et
359 2844 490 2921 rancide,
520 2867 611 2928 quarn
637 2843 694 2904 sint
724 2843 862 2906 insubida
889 2855 915 2906 ct
940 2845 1047 2906 inertia
1075 2853 1101 2903 at
1123 2843 1267 2923 puerilia,
1289 2843 1470 2925 ‚facetissima

203 2959 297 3023 hercle
317 2962 464 3046 siqnificot
484 2965 516 3025 iu
537 2965 637 3048 quinto
661 2975 833 3026 suturarum
855 2964 1010 3027 Lucilius:
1033 2967 1207 3043 sequuntur
1221 2963 1343 3027 nobiles
1357 2968 1470 3044 poetae

202 3079 448 3161 ingeniosissimi
459 3102 578 3162 versus,
591 3084 706 3164 quibus
718 3103 789 3148 eum
803 3103 933 3148 suorum
952 3089 1131 3164 temporum
1152 3084 1312 3148 Isocratiis
1328 3084 1394 3148 sive
1413 3101 1468 3147 eos

204 3200 341 3265 Asianos
365 3203 468 3266 dicere
490 3203 591 3267 mavis
614 3205 736 3268 urbano
758 3205 866 3286 lepore
889 3204 1064 3268 cavillatur:
1092 3222 1226 3285 quorum
1248 3205 1402 3268 rationem
1430 3204 1470 3267 si·

203 3321 366 3386 millimam
387 3323 486 3387 fnisse
508 3325 576 3388 eius
592 3343 654 3405 qua
676 3326 735 3390 sub
758 3325 1001 3407 imperatoribus
1017 3323 1112 3404 vulgo
1135 3325 1312 3402 utebantur,
1327 3329 1469 3388 veterum

205 3440 279 3504 inde
295 3461 314 3505 a
330 3443 449 3508 Catone
470 3444 673 3525 Gracchoque
689 3445 877 3526 scriptorum
893 3445 1043 3526 reliquiae
1063 3447 1294 3528 latinorumque
1309 3444 1470 3508 rhetorum

207 3562 349 3642 exempla
370 3564 402 3626 in
432 3565 521 3629 libris
550 3565 715 3629 rhetoricis
737 3566 779 3629 ad
801 3565 998 3629 Herennium
1022 3567 1137 3631 tradita
1164 3568 1389 3631 demonstrant.
1425 3569 1471 3628 at·

207 3684 313 3745 tamen
342 3681 419 3748 haec
454 3703 534 3765 quae
564 3691 638 3749 sunt
668 3686 813 3766 graviora
842 3704 944 3766 neque
973 3685 1049 3764 levi,
1079 3687 1162 3768 quod
1197 3687 1298 3764 aiunt,
1327 3683 1472 3748 bracchio

208 3803 339 3882 agenda,
369 3823 453 3868 nunc
482 3823 545 3868 non
574 3805 699 3886 longius
725 3824 911 3886 persequor:
940 3807 1000 3870 alia
1023 3807 1176 3888 quaedam
1206 3807 1268 3870 huc
1287 3804 1475 3886 pertinentia

208 3923 358 4002 tractabo,
382 3943 463 4006 quae
484 3924 562 3988 mihi
583 3925 784 3989 nonnullius
806 3926 955 4005 ponderis
978 3944 1048 3990 esse
1070 3927 1245 3991 videantur.

337 4061 452 4126 Poetas
475 4063 558 4126 enim
581 4063 741 4142 barbaros
764 4081 835 4126 cum
859 4064 997 4127 carmina
1018 4069 1160 4145 pangunt
1181 4064 1269 4127 rimis
1287 4064 1353 4128 sive
1378 4103 1415 4111 —
1439 4068 1475 4126 ut

210 4180 304 4261 paulo
324 4182 467 4246 molliore
490 4187 560 4246 utar
582 4183 737 4248 vocabulo
761 4222 797 4230 --
822 4183 949 4248 leonina
971 4185 1175 4248 consonantia
1200 4185 1313 4262 vincta,
1341 4185 1475 4248 necessi·

210 4305 275 4364 tate
290 4307 413 4366 coactos
428 4303 599 4367 rarioribus
615 4321 710 4385 saepe
725 4303 855 4368 vocibus
869 4309 925 4368 aut
940 4323 1052 4369 vocum
1067 4305 1200 4369 insolitis
1217 4304 1475 4369 declinationibus

212 4422 297 4506 uti¹)‚
320 4423 394 4502 quin
422 4424 515 4488 etiam
537 4424 635 4534 totius
658 4425 808 4488 orationis
831 4425 995 4489 cheuitum
1025 4424 1204 4488 duriuscule
1234 4425 1476 4503 circumducere,

336 4705 364 4770 1)
384 4706 482 4760 Confer
501 4706 611 4762 Gocthii
632 4707 820 4760 consonantias
841 4709 933 4776 quales
951 4711 1026 4762 sunt:
1055 4707 1154 4760 Liitten
1176 4735 1207 4744 -
1231 4706 1324 4761 durren
1349 4709 1476 4774 (alterum

214 4790 322 4845 uerbum
341 4796 390 4857 cst,
409 4810 463 4846 non
480 4797 601 4861 nomen),
619 4793 667 4846 aul
682 4793 729 4846 der
741 4793 865 4847 Brhckeu
879 4794 986 4845 -dem
1000 4793 1163 4856 Entz'dcken,
1177 4796 1298 4846 sescenta
1316 4791 1477 4846 huiusmodi.

1263 4905 1280 4958 2
