3410 5408
850 405 890 466 32

238 580 382 650 θάλασσα
410 580 532 664 πλωτή,
565 581 642 674 μηδὲ
670 590 784 651 τέκνων
813 584 911 662 ὄνησις
945 584 1022 674 μηδὲ
1052 589 1114 668 βίου
1144 577 1292 674 apic-narr,
1323 579 1404 647 ἀλλὰ
1434 579 1500 654 ὤλη

238 700 405 792 casdim),
427 708 563 790 papyri
591 710 693 772 musei
729 710 949 790 Lugdunensis
979 727 997 772 a
1026 707 1212 772 Leemansio
1246 705 1348 770 editae
1380 705 1422 786 (p.
1448 706 1501 788 11)

238 829 312 894 anui
333 847 363 910 p.
386 827 458 892 Chr.
480 847 510 892 n.
534 826 663 894 CLXIV
686 825 717 902 ὃς
740 821 899 915 (Σάραπις)
922 822 1019 898 διδοίη
1042 829 1089 890 σοὶ
1112 823 1191 912 μετὰ
1211 832 1269 901 τῆς
1286 817 1400 899 Ἴσιδος
1422 825 1503 894 νίκην

239 940 348 1037 κράτος
369 953 424 1024 τῆς
446 947 617 1033 οἰκουμένης
639 940 763 1022 ἁπάσης.
808 950 864 1013 sed
887 950 998 1030 ingens
1018 949 1188 1012 latinorum
1206 951 1332 1029 praesto
1348 949 1398 1009 est
1413 945 1503 1026 copia

240 1067 464 1148 exemplorum,
487 1087 622 1149 quorum
649 1069 749 1133 multa
778 1069 905 1150 collegit
932 1069 1154 1151 sigismundus
1182 1068 1299 1132 Preuss
1326 1067 1359 1130 in
1387 1066 1502 1130 disser-

240 1186 360 1250 tatione
386 1185 574 1268 Erlangensi
604 1207 631 1251 a.
655 1191 735 1252 1882
766 1189 805 1252 (16
838 1189 1022 1253 bimembris
1048 1188 1192 1252 dissoluti
1220 1187 1306 1269 apud
1332 1186 1502 1267 scriptores

241 1325 389 1371 romanos
420 1325 481 1371 usu
512 1307 635 1387 scripta,
658 1307 765 1371 confer
795 1309 888 1372 etiam
912 1306 1126 1372 Woelfflinum
1156 1313 1245 1371 nunt
1265 1305 1350 1370 acad.
1377 1304 1503 1368 Baua.

245 1429 326 1490 1890
354 1426 451 1491 vol.I
481 1429 663 1508 pedesq.
708 1428 872 1492 diversitas
902 1447 939 1492 ex
967 1429 1036 1510 ipso
1066 1427 1188 1492 italicae
1218 1427 1344 1508 linguae
1373 1425 1502 1505 ingenio

243 1546 426 1628 explicanda
456 1553 512 1610 est.
566 1567 638 1611 nam
670 1553 706 1612 ut
732 1549 874 1612 omittam
902 1549 1047 1630 exempla
1073 1549 1112 1613 ab
1140 1548 1202 1612 illis
1230 1547 1325 1612 allata
1352 1547 1504 1630 (Iuppiter

239 1668 368 1748 optimus
391 1669 549 1748 1116616166,
566 1678 672 1748 putres
695 1669 862 1750 comert'plt',
886 1670 915 1730 vi
930 1669 1123 1751 pugnando),
1144 1667 1391 1750 pervulgatoque
1413 1665 1504 1729 haee:

241 1787 319 1849 ultro
347 1788 430 1862 citro,
459 1786 515 1849 que
537 1787 615 1860 iiiuc,
642 1788 720 1849 diem
741 1799 862 1866 eructem,
891 1799 973 1850 terra
1002 1789 1092 1863 mari,
1115 1789 1190 1850 dare
1219 1788 1359 1869 occurere,
1391 1785 1505 1850 similia

242 1907 436 1991 eiusmodi),
460 1906 535 1971 Osci
562 1911 738 1987 praetorem
769 1927 931 1972 censorem
958 1901 1128 1982 ἀσυνδέτως
1154 1907 1315 1988 ponebant
1342 1906 1404 1988 (lex
1432 1924 1505 1970 osca

242 2026 304 2093 tab.
335 2025 426 2090 Bant
456 2045 485 2090 v.
512 2028 565 2111 28)
594 2034 630 2090 ut
651 2027 815 2092 consulum
846 2029 975 2092 nomina
1003 2028 1150 2105 Romani,
1180 2027 1374 2093 Umbrorum
1404 2043 1505 2106 augur

240 2145 346 2210 verbiS
373 2148 531 2228 conceptis
558 2166 683 2228 parram
713 2149 869 2212 cornicem
897 2153 928 2211 et
948 2148 1053 2229 picum
1081 2147 1182 2228 picam
1205 2147 1408 2228 nuncupabat
1430 2147 1505 2228 (tab.

244 2265 290 2346 Ig.
306 2266 352 2332 VI
374 2265 456 2349 Al),
479 2267 645 2347 eidemque
666 2267 698 2330 in
722 2268 860 2331 carmine
881 2267 964 2331 binis
991 2267 1181 2331 continuatis
1210 2265 1371 2330 vocabulis
1397 2266 1506 2330 hostes

245 2387 488 2452 exsecrabantur
524 2387 583 2468 (VI
610 2387 637 2450 B
665 2389 705 2450 59
729 2389 804 2469 sq.);
837 2386 1053 2450 Romanorum
1092 2385 1295 2466 magistratus
1325 2385 1374 2449 bis
1401 2386 1506 2450 verbis

243 2507 335 2569 velitis
361 2508 483 2570 iubearis
504 2507 657 2589 populum
679 2507 840 2588 rogabant,
864 2506 1096 2570 commentariis
1123 2524 1278 2586 augurum
1301 2507 1370 2569 Iove
1391 2517 1508 2570 tonante

238 2628 416 2712 felperaete
447 2628 564 2689 comitia
597 2626 706 2709 populi
735 2627 842 2689 lechem
871 2628 957 2711 offas
994 2644 1064 2690 esse
1100 2625 1220 2689 editum
1261 2629 1329 2689 erat
1365 2624 1441 2707 (Cic.
1471 2626 1508 2688 de

245 2746 304 2818 dur.
333 2743 367 2807 II
392 2747 504 2828 18‚42),
538 2744 588 2808 (lei
621 2743 669 2807 his
702 2743 807 2807 verbis
841 2745 868 2805 ei
892 2744 1006 2825 populo
1038 2744 1150 2806 civitati
1177 2755 1286 2806 rnetron
1306 2745 1505 2829 formidinem

245 2866 417 2928 obliniorwm
457 2865 583 2928 iniciata
630 2863 841 2928 avocabantur
885 2863 1035 2944 (Macrob.
1067 2874 1121 2926 sor.
1152 2862 1203 2925 ΙΙΙ
1235 2865 1282 2940 9,7
1317 2866 1389 2947 sp),
1431 2865 1507 2928 deos

247 2985 356 3048 rustici
383 2988 506 3048 veteres
538 2989 574 3047 ut
603 2984 667 3047 sint
697 2983 820 3046 volentes
848 2983 979 3064 propitii
1008 2982 1217 3064 precabantur
1253 2981 1345 3065 (Cato
1374 2985 1409 3045 de
1440 2985 1509 3066 apri

245 3106 361 3168 oritura
385 3105 455 3168 139.
480 3107 562 3188 141),
591 3103 764 3167 Mummius
787 3103 864 3168 deos
891 3108 927 3166 ut
946 3103 1083 3183 praedae
1106 3103 1285 3184 colligendae
1307 3102 1507 3166 dissoluendae

248 3226 312 3289 sibi
335 3223 516 3288 facultatem
540 3224 652 3288 darent
672 3224 817 3288 versibus
838 3223 971 3304 rogabat
993 3224 1069 3309 (248
1092 3222 1232 3306 11116611),
1254 3222 1349 3286 borno
1380 3223 1507 3303 quidam

249 3346 400 3410 Aretinus
421 3344 481 3408 boc
503 3345 641 3409 carmine
663 3344 858 3425 deligebatur
881 3345 925 3406 ndi
944 3367 992 3406 cos
1016 3345 1092 3428 (dei)
1116 3366 1182 3406 eaor
1208 3345 1392 3407 terraemotis
1418 3345 1507 3407 iriam·-

244 3467 355 3547 fieiates
377 3465 499 3548 (Herm.
517 3462 577 3528 vol
589 3464 634 3529 IV
657 3483 687 3544 p.
711 3466 795 3549 282),
819 3483 880 3544 qua
902 3482 973 3527 cum
998 3465 1163 3528 devotione
1184 3463 1398 3528 Buechelerus
1414 3469 1507 3547 (mus.

247 3586 346 3650 Rhen.
368 3585 428 3650 vol.
452 3585 596 3649 XXXIII
617 3604 647 3666 p.
671 3589 703 3669 5)
732 3585 810 3649 haec
831 3584 936 3649 Plauti
963 3585 1059 3649 verba
1086 3587 1185 3667 (merc.
1210 3605 1245 3649 v.-
1261 3588 1335 3669 833)
1364 3584 1508 3649 eontulit:

247 3708 448 3788 interempturi
474 3707 664 3791 interfecturi,
690 3706 762 3769 vide
790 3706 884 3768 etiam
911 3706 1142 3769 incantamenta
1168 3706 1290 3786 magica
1316 3706 1355 3770 ab
1383 3706 1509 3768 Heimio

248 3825 377 3890 collecta
399 3825 594 3890 Fleckeiseni
616 3826 774 3890 annalium
798 3825 901 3906 suppl.
924 3826 984 3889 vol.
1007 3825 1084 3888 XIX
1108 3828 1147 3906 (a.
1172 3828 1266 3908 1893)
1290 3844 1319 3906 p.
1332 3828 1393 3889 544
1416 3826 1509 3909 sqq.³)

248 3952 351 4026 atque,
379 3951 415 4009 ut
436 3944 502 4010 lere
523 3944 567 4024 fit,
597 3947 754 4010 durabant
782 3945 858 4009 baec
887 3947 1107 4026 antiquissima
1136 3947 1169 4009 in
1199 3947 1405 4011 sollemnibus
1433 3947 1510 4010 iuris

247 4066 391 4131 formulis
425 4067 474 4148 (ut
502 4077 626 4148 pucilam
657 4076 834 4143 con-eentum,
866 4065 992 4127 locatum
1020 4067 1204 4144 conductum,
1234 4088 1361 4151 aequum
1392 4067 1510 4142 ironam,

374 4362 401 4424 1)
420 4360 519 4414 Confer
535 4357 636 4411 slmiles
655 4355 826 4410 devotionum
843 4354 971 4407 formulas
995 4354 1057 4408 ele
1075 4355 1152 4410 2667.
1171 4355 1241 4410 2826
1265 4355 1298 4408 al.
1317 4355 1510 4412 Leues-Wadi.

249 4450 308 4505 509.
326 4448 513 4502 Peterson-v.
533 4444 668 4506 Lnschan,
686 4444 783 4496 Reisen
797 4444 825 4495 in
844 4441 909 4510 Lyk.
931 4459 956 4495 u.
976 4441 1039 4494 Kar.
1058 4458 1083 4494 n.
1103 4445 1127 4498 6.

370 4537 401 4602 2)
420 4535 462 4589 ef.
482 4533 564 4586 etiarn
592 4547 660 4600 quae
679 4530 831 4598 Drasgerus
858 4529 968 4596 collegit
995 4529 1057 4582 libri
1081 4528 1113 4583 de
1139 4529 1247 4597 syntaxi
1264 4531 1330 4598 ling.
1352 4531 1399 4584 lat.
1418 4531 1513 4600 scripti

251 4623 300 4676 vol.
319 4622 364 4676 111
383 4639 408 4689 p,
429 4622 477 4676 187
497 4637 536 4689 sq.

371 4711 401 4776 3)
419 4709 460 4762 De
477 4707 579 4761 duobus
597 4706 746 4760 enuntiatis
763 4705 790 4758 iu
810 4708 898 4758 vetere
912 4705 1042 4759 Italorum
1059 4719 1179 4758 sermone
1198 4705 1327 4758 dissoluto
1344 4705 1439 4773 positis
1457 4702 1512 4758 Leo

251 4801 353 4868 qliaest.
372 4796 505 4872 Elaitap
518 4795 654 4878 ,24861111
673 4795 691 4847 4
708 4793 843 4849 disseruit.
