3410 5408
820 389 859 450 31

206 563 234 626 is
257 564 382 644 quidem
406 569 481 634 artis
504 577 670 654 praecepta
699 577 827 640 omnino
856 596 919 641 non
942 576 1048 641 callet:
1078 578 1162 658 quod
1194 597 1264 642 cum
1294 580 1468 644 recentium

207 683 365 767 plerisque
394 689 556 770 ignoretur
566 693 598 775 ¹),
627 712 690 756 non
713 693 794 776 fugit
823 696 1051 778 Hieronymum
1081 701 1113 760 et
1139 697 1354 777 Augustinum
1384 699 1469 764 viros

206 809 270 866 tam
294 807 509 875 sanctissimos
532 831 624 893 quam
649 815 879 880 eruditissimos
910 857 951 895 -,
979 817 1076 880 veluti
1108 837 1178 881 curn
1210 818 1331 882 Galatis
1361 820 1469 885 scribit

208 925 290 1004 (ele
316 933 409 1012 sqq.):
438 926 548 1017 φανερὰ
570 924 605 994 δέ
627 935 707 995 ἐστιν
732 929 774 996 τὰ
800 939 872 1022 ἔργα
894 941 949 1010 τῆς
977 927 1092 1023 σαρκός,
1120 927 1207 998 ἅτινά
1236 938 1315 999 ἐστιν
1341 940 1467 1026 πορνεία,

206 1045 385 1134 ἀκαθαρσία,
401 1047 553 1136 ἀσέλγεια,
570 1045 811 1140 εἰδωλολατρεία,
828 1057 1005 1142 φαρμακεία,
1022 1059 1138 1142 ἔχθραι,
1162 1059 1226 1142 ἔρις,
1248 1048 1347 1137 ζῆλος,
1367 1060 1467 1145 θυμοί,

206 1166 336 1251 ἐριθεῖαι,
360 1160 560 1254 διχοστασίαι,
587 1173 717 1258 αἱρέσεις,
741 1165 857 1258 φθόνοι,
882 1173 983 1259 μέθαι,
1013 1179 1111 1258 κῶμοι
1138 1177 1188 1238 καὶ
1215 1169 1256 1237 τὰ
1286 1174 1376 1262 ὅμοια
1398 1169 1468 1240 τοί-

205 1310 277 1365 τοις,
301 1287 380 1351 conf.
404 1307 451 1370 ep.
472 1291 512 1354 ad
532 1291 622 1354 Rom.
646 1295 714 1370 1,29
738 1311 812 1374 sqq,
836 1293 949 1374 quibus
972 1294 1053 1357 adde
1081 1292 1242 1358 falsarium
1271 1296 1468 1376 epistulae

205 1408 251 1471 ad
266 1409 505 1474 Timotheum
523 1411 613 1476 datae
628 1413 742 1493 prioris
758 1416 855 1494 (ι.1,9
869 1418 935 1498 sq),
953 1415 1151 1478 Barnabae
1175 1435 1222 1496 ep.
1235 1417 1284 1492 20,
1303 1416 1468 1482 Hermae

206 1527 345 1606 pastoris
361 1529 465 1592 mand.
478 1529 559 1594 VIII
570 1533 597 1593 5.
641 1536 734 1610 etque
755 1549 795 1594 ne
811 1531 989 1612 exemplum
1009 1550 1045 1596 ex
1061 1532 1166 1597 latinis
1188 1536 1369 1600 auctoribus
1391 1539 1470 1618 peti·

205 1651 272 1710 turn
303 1649 508 1728 desideretur,
542 1651 610 1732 ipse
640 1650 793 1715 Plinius
823 1653 934 1730 iunior,
964 1653 1215 1716 delicatissimam
1252 1655 1304 1718 ille
1339 1657 1467 1736 quidem

207 1774 344 1832 sectatus
368 1771 576 1851 componendi
597 1771 835 1850 mollitudinem,
858 1773 890 1835 in
914 1773 1045 1856 epistola
1067 1773 1201 1854 quadam
1225 1775 1285 1858 (IV
1301 1776 1386 1860 292)
1418 1789 1468 1860 est,

205 1887 314 1968 inquit,
337 1913 412 1972 opus
428 1892 601 1972 pulchrum,
627 1892 767 1967 ιιαίίιίιιιιι,
791 1913 868 1967 ome,
892 1893 1023 1968 stabilate,
1047 1895 1173 1977 cariano,
1196 1894 1320 1978 clepone,
1338 1918 1465 1976 protom,

195 2010 376 2092 figuratum,
400 2012 564 2092 spatiosum
586 2012 675 2073 etiam
697 2022 723 2074 et
745 2035 810 2073 cnm
832 2035 944 2094 ιιιιιμπα
965 2023 1016 2072 tna
1039 2013 1127 2074 laude
1151 2015 1303 2096 dz'J‘frrsrrrn,
1321 2016 1377 2078 sed
1393 2035 1466 2080 nus·

205 2146 298 2208 quam
320 2129 396 2193 alibi
417 2127 500 2193 huuc
521 2129 554 2192 in
576 2131 706 2193 modum
725 2130 939 2212 composuisse
960 2130 1126 2194 invenitur.
1170 2131 1220 2194 his
1241 2131 1338 2212 igitur
1360 2134 1465 2198 missis

204 2252 308 2312 cetera
331 2249 363 2312 in
392 2267 507 2329 genera
538 2250 763 2314 distribuamus
795 2251 989 2331 singulisque
1020 2250 1188 2330 generibus
1222 2251 1364 2332 exempla
1393 2253 1466 2316 sub-

203 2367 380 2448 iungamus‚
403 2387 537 2449 quorum
560 2388 612 2432 me
635 2369 756 2450 copiam
780 2370 861 2433 scias
881 2388 945 2433 non
961 2374 1026 2433 tam
1047 2369 1271 2433 exhausturum
1284 2389 1355 2434 esse
1371 2389 1464 2451 quam

203 2486 460 2568 significaturum.

330 2610 361 2692 a)
384 2607 489 2688 Atque
511 2607 635 2671 initium
659 2607 795 2688 quidem,
819 2613 855 2672 ut
876 2627 933 2689 par
956 2613 1012 2686 est,
1035 2607 1187 2673 faciamus
1210 2610 1248 2673 ab
1272 2605 1463 2692 ἀσυνδέτῳ
1560 2587 1562 2590 ’

203 2719 370 2810 brubno,
394 2747 487 2808 quam
511 2728 607 2791 latine
630 2728 875 2792 bimembrem
900 2729 1197 2793 dissolutionem
1220 2736 1305 2793 recte
1324 2730 1466 2794 dicimus.

203 2849 292 2911 cuius
311 2846 431 2928 figurae
453 2848 536 2928 apud
560 2846 673 2910 latinos
696 2852 840 2911 auctores
861 2848 960 2912 multo
982 2847 1175 2930 frequentior
1198 2868 1274 2912 usus
1298 2855 1346 2913 est
1368 2868 1463 2930 quam

202 2967 287 3047 apud
310 2985 448 3048 graecos.
491 2985 564 3029 nam
588 2983 624 3028 ex
646 2965 911 3030 Demosthene
934 2967 1060 3046 quidem
1087 2987 1188 3048 pauca
1218 2969 1359 3050 exempla
1382 2971 1463 3036 Vce-

202 3087 316 3151 melius
337 3087 369 3150 iu
397 3105 441 3150 or.
464 3089 533 3164 3‚31
556 3086 668 3164 attulit,
698 3105 832 3167 quorum
854 3087 947 3167 plura
968 3088 1059 3152 aliter
1082 3090 1266 3170 explicanda
1288 3108 1358 3154 esse
1375 3090 1464 3155 Blas-

202 3207 268 3271 sius
289 3208 321 3270 in
343 3208 446 3272 indice
461 3206 616 3271 rhetorico
640 3225 735 3287 supra
751 3208 833 3271 dicto
856 3209 898 3290 (p.
913 3211 964 3291 10)
984 3215 1068 3273 τεοῖο
1085 3211 1238 3290 exposuit.
1280 3213 1464 3293 posterioris

203 3329 315 3392 aetatis
335 3327 412 3392 haec
433 3326 510 3390 mibi
532 3325 643 3408 collegi
666 3327 823 3408 exempla:
851 3327 1103 3393 Lesbonaotis
1126 3330 1268 3411 (declam.
1292 3350 1322 3412 p.
1338 3334 1378 3394 34
1396 3331 1463 3416 Or.)

203 3448 379 3522 πανοπλίαις
400 3441 571 3536 προεδρίαις,
595 3448 819 3512 Artemonis
843 3449 939 3530 (apud
963 3449 1112 3514 Senecam
1135 3461 1225 3514 contr.
1246 3451 1373 3536 Χ4,20)
1396 3457 1464 3514 πλεῖ

203 3579 336 3655 γεωργεῖ,
360 3569 473 3632 Pauli
495 3572 556 3650 (ep.
578 3571 619 3634 ad
643 3569 713 3634 Cor.
735 3570 750 3632 I
776 3572 858 3654 13‚4)
880 3564 899 3640 ἡ
920 3562 1023 3656 ἀγάπη
1050 3577 1241 3656 μακροθυμεῖ
1258 3563 1465 3657 χρηστεύεται,

204 3688 324 3769 Longi
353 3691 395 3770 (p.
418 3692 529 3766 nenti
547 3690 600 3773 H.)
628 3680 762 3776 εὑρόντες
783 3684 836 3752 τὸν
857 3681 966 3775 Δάφνιν
988 3693 1089 3752 ἔπαιον
1111 3683 1248 3767 ἀπέδυον,
1273 3692 1315 3773 (p
1338 3693 1464 3776 31735)

203 3811 322 3882 πλῆθος
344 3809 451 3896 ἐπιρρεῖ
470 3800 666 3896 θεραπόντων
694 3813 882 3894 θεραπαινῶν
905 3857 912 3871 .
932 3856 939 3870 .
963 3857 996 3885 .,
1025 3797 1108 3870 οὗτοι
1138 3800 1246 3884 πάντες
1274 3810 1467 3896 περιέβαλλον

204 3929 384 4015 κατεφίλουν
403 3929 556 4015 χαίροντες
577 3928 739 4006 κλαίοντες,
762 3929 804 4011 (p.
815 3930 919 4011 323‚5)
943 3922 1034 4012 ὄχλος
1055 3926 1206 4015 ἠθροίσθη
1229 3921 1343 4015 ἀνδρῶν
1364 3953 1465 4014 γυναι-

204 4055 274 4128 κῶν,
297 4049 568 4130 inscriptionis
590 4049 776 4130 Ancyranae
798 4048 859 4131 (ed.
875 4053 962 4111 nunt
977 4047 1060 4111 arch.
1081 4048 1187 4112 Austr.
1210 4048 1463 4116 volmarsen

203 4187 232 4250 p.
257 4171 330 4252 124)
353 4169 518 4256 Τρεβουλίοι
536 4163 672 4255 Ἴατρικὴ
696 4159 781 4242 ζῶσα
811 4173 959 4254 φρονοῦσα
989 4159 1199 4230 κατεσκεύασα
1219 4163 1255 4232 τὸ
1278 4169 1466 4255 περίφραγμα

203 4291 305 4372 ἑαυτῇ,
337 4290 554 4354 devotionis
585 4289 646 4370 (ed.
674 4288 768 4352 inscr.
797 4305 841 4368 gr.
864 4291 1026 4350 veturus.
1053 4286 1131 4349 Brit.
1154 4287 1214 4350 vol.
1237 4287 1313 4352 IVi
1337 4306 1367 4349 n.
1390 4289 1463 4371 918)

203 4415 227 4472 εἰ
249 4403 284 4472 δέ
312 4434 357 4484 τις
390 4399 553 4494 ἐπιχειρ·ί.σι
583 4406 680 4469 θεῖναί
706 4429 781 4485 τινα,
812 4399 889 4491 μηδὲ
917 4411 956 4492 γῆ
988 4396 1245 4492 καρποφορήσοιτο
1276 4404 1359 4487 αὐτῷ
1390 4400 1466 4490 μηδὲ

327 4683 355 4749 1)
374 4681 472 4736 Confer
484 4684 575 4734 tamen
588 4679 687 4734 Blassii
705 4679 802 4731 librum
816 4677 848 4730 do
867 4679 928 4731 novi
941 4678 1053 4732 foederis
1066 4679 1193 4732 librorum
1213 4681 1271 4732 arte
1286 4679 1464 4745 grammatica

201 4770 350 4838 nuperrime
369 4767 470 4822 editum
487 4767 646 4834 (Gottingae
667 4766 745 4832 1896)
767 4781 793 4833 p.
816 4764 867 4818 289
887 4781 945 4833 sqq.
