3410 5408
874 401 913 463 18

265 581 339 645 dum
369 581 480 662 longas
510 582 678 646 verborum
708 584 856 664 ambages
886 585 917 648 in
948 587 1206 666 augustissimum
1238 607 1347 670 gyrum
1378 594 1526 668 coartant,

263 721 321 765 nos
345 720 415 766 cum
438 702 529 782 pueri
552 721 695 767 essemus
710 704 853 784 magistri
869 705 1052 784 docuerunt,
1069 710 1237 788 postquam
1252 709 1312 772 viri
1326 707 1399 773 facti
1415 729 1526 774 sumus

264 822 292 886 si
314 822 368 903 qui
389 821 470 886 forte
493 822 554 902 ipsi
572 819 658 887 fonte
680 822 843 888 hausimus
865 825 1027 905 caballino,
1050 845 1127 891 usus
1150 827 1219 909 ipse
1234 828 1367 892 edocuit.
1411 831 1526 894 mirum

262 943 359 1023 igitur
388 943 421 1006 ni
443 947 566 1007 veteres
595 961 719 1024 quoque
748 935 973 1029 λογοδαίδαλοι,
1002 965 1066 1010 non
1097 947 1223 1027 quidem
1255 947 1283 1011 ei
1313 949 1366 1029 qui
1396 951 1526 1030 poeticis

263 1081 391 1145 operam
408 1064 576 1128 dabant-
595 1064 705 1128 Musae
729 1066 812 1127 euim
830 1063 1049 1147 Camenaeque
1064 1066 1096 1128 in
1118 1067 1250 1146 gothicis
1265 1070 1457 1134 ornamentis
1479 1069 1526 1133 in-

262 1185 453 1249 horruerunt
474 1221 513 1231 -
538 1183 594 1247 sed
617 1183 670 1265 qui
691 1203 818 1264 prosam
842 1185 1014 1249 orationem
1037 1189 1102 1248 tam
1131 1183 1231 1250 faceta
1257 1193 1324 1251 arte
1354 1191 1525 1268 struebant,

262 1309 298 1368 ut
329 1323 425 1386 opera
454 1303 544 1386 quasi
571 1303 694 1368 musiva
722 1304 898 1382 tesseruliS,
929 1309 964 1367 ut
993 1305 1038 1368 ait
1067 1305 1214 1384 Lucilius
1243 1307 1347 1389 lepide
1379 1316 1526 1375 exornata

262 1430 493 1506 componerent,
509 1425 632 1502 mirum,
655 1425 791 1505 inquam,
814 1425 847 1487 ni
867 1425 921 1502 illi,
937 1425 1049 1488 ecdem
1066 1425 1151 1490 ducti
1173 1427 1278 1490 studio
1298 1446 1360 1508 quo
1382 1435 1524 1494 recentes

261 1551 382 1627 poetae,
411 1545 512 1609 eidem
542 1561 779 1625 nonnumquam
801 1545 877 1609 vitio
901 1581 940 1591 —
971 1545 998 1608 si
1026 1549 1131 1608 tamen
1161 1547 1272 1610 vitium
1302 1547 1523 1629 appellandum

261 1671 317 1744 est,
348 1685 440 1747 quarn
470 1663 599 1744 plurimi
628 1663 786 1728 licentiam
814 1684 833 1728 a
863 1664 911 1729 dis
941 1664 1018 1744 ipsis
1048 1665 1212 1729 Musarum
1241 1665 1313 1731 filiis
1342 1685 1523 1732 concessam

261 1787 377 1864 dicunt,
395 1825 432 1834 -
457 1801 526 1848 sese
549 1783 764 1864 alligaverunt.
809 1785 897 1849 cuius
919 1785 966 1847 rei
988 1803 1067 1866 quac
1090 1783 1189 1849 mult’o
1212 1806 1272 1850 usu
1293 1786 1369 1851 mihi
1392 1787 1523 1868 eollege-

260 1925 327 1970 ram
350 1906 502 1988 exempla,
525 1923 561 1968 ex
584 1905 622 1968 iis
645 1905 799 1985 quaedam
828 1904 1033 1985 proposuisse
1063 1923 1126 1968 non
1155 1905 1292 1970 alienum
1323 1907 1399 1970 mihi
1422 1907 1522 1972 visum

259 2031 326 2088 crat
347 2026 387 2089 ab
411 2043 506 2106 opere
527 2025 679 2102 instituto,
702 2032 796 2105 atque
819 2024 942 2088 initium
966 2025 1094 2104 quidem
1116 2024 1226 2089 faciam
1250 2026 1288 2090 ab
1313 2026 1459 2104 Minucia,
1483 2027 1522 2090 de

259 2163 321 2225 quo
343 2164 427 2209 nunc
449 2165 520 2210 cum
543 2145 677 2209 maxime
699 2145 811 2225 agitur.

384 2266 606 2349 Minuciusl)
634 2285 659 2329 c.
682 2267 730 2342 3,3
754 2288 820 2327 cunc
841 2266 872 2326 in
894 2265 959 2346 r'prso
982 2265 1118 2348 aequoris
1140 2265 1240 2327 limine
1255 2265 1381 2345 pluritas
1407 2267 1519 2347 tinpue-

257 2411 383 2470 renuas,
421 2388 501 2473 qruod
541 2387 665 2448 uicissim
707 2407 785 2444 nuru
821 2384 982 2465 adpulsum
1022 2385 1128 2446 nostris
1159 2385 1288 2464 pedibus
1325 2385 1521 2446 adluderet

251 2506 431 2590 ursaceus„
470 2528 548 2567 rsurrc
592 2505 724 2567 relabens
763 2526 798 2565 ac
838 2503 957 2584 uestipia
994 2503 1145 2565 retrahens
1183 2504 1214 2564 in
1255 2524 1314 2565 sese
1351 2504 1520 2566 resorberet.

259 2625 347 2688 verbi
380 2625 464 2705 quod
494 2629 543 2687 est
572 2625 714 2686 adludere
743 2623 906 2686 transitive
934 2622 1078 2702 usurpati
1102 2640 1200 2686 unum
1231 2626 1314 2686 extat
1343 2620 1520 2702 exemplum

260 2743 374 2807 Catulli
403 2746 492 2822 enei
529 2744 629 2806 onznia
658 2765 733 2826 qnae
759 2754 816 2804 tcto
844 2743 967 2823 delapsa
996 2765 1010 2804 a
1035 2765 1158 2823 corpore
1182 2745 1298 2824 passini
1324 2742 1426 2822 Ipsius
1454 2751 1521 2801 nrde

251 2862 346 2942 pedes
369 2861 482 2946 fluctus
513 2862 584 2924 sutis
616 2861 806 2942 adludebuuq
840 2858 925 2940 quod
960 2859 1137 2939 exemplum
1171 2879 1241 2924 cum
1271 2860 1430 2941 plerisque
1455 2875 1518 2920 non

257 2981 406 3044 idoneum
429 2983 588 3046 videretur
610 2982 650 3044 ad
675 2979 908 3044 defendendum
930 2979 1065 3042 eundem
1082 2999 1175 3043 usum
1197 2981 1230 3042 in
1245 2981 1392 3056 Minucio,
1414 2979 1518 3041 locum

257 3102 342 3164 varie
364 3103 581 3166 emendabant.
635 3102 686 3178 454
708 3102 770 3163 iarn
792 3102 906 3162 dadrun
935 3123 981 3164 nee
1002 3102 1106 3164 Octavi
1126 3102 1221 3162 nostri
1248 3103 1356 3162 ander
1383 3101 1465 3181 anpit
1493 3109 1519 3161 et

257 3221 406 3282 remordet
446 3225 568 3300 cratia,
602 3245 661 3306 qua
693 3221 724 3282 in
762 3231 788 3282 te
824 3221 948 3282 travectus
985 3222 1197 3305 cbirrrpaoit
1237 3219 1516 3300 neptepantiae·‚

260 3353 290 3402 ut
312 3363 358 3403 rna
381 3341 600 3404 dissimulanter
620 3341 742 3422 praevius
771 3353 944 3422 arqueret
970 3344 1195 3404 inscientiae.
1240 3338 1427 3419 obiurgandi
1450 3356 1518 3401 ver·

258 3461 333 3524 bum
358 3478 429 3524 cum
452 3479 526 3525 casu
550 3461 694 3542 genetivo
722 3477 816 3523 nemo
843 3466 968 3540 praeter
996 3461 1169 3525 Minucium
1197 3459 1267 3523 lul.
1294 3459 1419 3523 videtur
1446 3475 1517 3520 con·

257 3581 405 3659 iunxisse,
428 3583 512 3647 unde
534 3583 743 3666 neptepeuu'am
758 3581 979 3660 Baehrensius‚
995 3581 1186 3646 novissimus
1204 3580 1335 3643 Minucii
1349 3577 1517 3659 interpola·

256 3709 314 3766 ter.
352 3705 402 3780 5‚4
424 3725 490 3764 curn
512 3713 625 3764 tanturn
647 3701 722 3762 absit
744 3703 781 3763 ab
804 3703 1064 3782 captoratione
1087 3703 1234 3764 divina·
1255 3699 1386 3760 leumana
1406 3699 1517 3780 rnedio-

258 3825 364 3898 critas,
403 3823 458 3886 ubi
497 3823 535 3884 ab
576 3821 777 3902 cupieratione
818 3844 919 3883 rerunt
960 3823 1129 3884 divinarunt
1169 3821 1393 3896 Heumannus,
1434 3816 1519 3896 qued

256 3945 325 4024 ipso
347 3944 493 4026 rhythmo
516 3944 595 4006 duce
623 3940 829 4023 explodimus.
879 3941 996 4005 ibidem
1025 3961 1116 4026 neque
1145 3961 1220 4023 quac
1242 3961 1337 4020 supra
1359 3961 1411 4002 nos
1437 3936 1516 4000 cado

255 4086 396 4146 suspensa
428 4065 543 4126 sublata
574 4075 661 4126 sunt·
690 4084 781 4146 neque
821 4085 896 4146 quae
928 4062 1013 4146 infra
1049 4071 1163 4122 terram
1187 4060 1348 4144 profunda
1383 4060 1517 4120 demuma

380 4269 461 4338 1)1n
488 4270 544 4323 eius
573 4269 657 4322 verbis
676 4269 813 4322 afferendis
840 4269 938 4322 lineola
965 4269 1118 4320 transversa
1136 4267 1224 4334 posita
1246 4265 1408 4320 rhetoricam
1427 4265 1515 4318 indico

255 4356 506 4425 interpunctionem,
526 4371 578 4424 qua
595 4355 623 4408 in
642 4357 828 4409 const'tuenda
852 4354 1017 4408 certissimus
1041 4352 1094 4406 dux
1120 4353 1270 4421 rhythmus.
1307 4355 1422 4420 regnant
1443 4352 1515 4405 clau-

256 4443 329 4496 sulae
343 4451 424 4510 (quae
437 4445 500 4496 sunt
510 4443 589 4494 unius
602 4442 724 4496 vocabuli
737 4444 778 4496 vel
790 4442 906 4512 plurium
918 4441 1087 4510 rhythmicae
1100 4439 1362 4510 comprehensiones)
1375 4444 1404 4493 in
1416 4441 1515 4493 cretico

254 4527 320 4595 pede
338 4527 415 4581 nixae
436 4525 459 4574 -'-
470 4548 496 4580 υ
508 4519 532 4578 *-
554 4519 644 4590 ἐυζ,
662 4531 690 4581 et
713 4527 737 4576 .'
748 4549 774 4582 υ
785 4519 810 4583 ’-
822 4527 845 4577 .‘
857 4529 890 4593 0,
909 4544 986 4597 porro
1006 4523 1217 4580 ditrochaeus!
1229 4547 1253 4578 υ
1263 4565 1285 4574 -
1297 4527 1322 4577 Q
1329 4544 1336 4588 ;
1361 4542 1409 4595 pro
1427 4525 1515 4592 longis

255 4613 363 4682 syllabis
386 4615 476 4668 breves
500 4613 577 4668 binae
600 4614 729 4668 substitui
752 4619 873 4684 possunt,
893 4617 939 4668 sed
960 4615 1018 4668 loco
1040 4614 1134 4668 cretici
1151 4631 1210 4667 raro
1229 4613 1353 4667 subvenit
1376 4613 1514 4666 molossus.

254 4699 286 4753 ds
305 4701 409 4769 ipsura
428 4700 527 4768 Meycri
552 4717 622 4754 nunc
645 4700 832 4770 Gottingonsis
856 4702 992 4770 praeclara
1015 4701 1106 4768 legens
1129 4701 1244 4768 vestigia
1272 4699 1334 4753 alibi
1362 4699 1513 4754 accuratius

253 4786 390 4840 disseram.
