3410 5408
846 388 885 450 10

766 475 974 483 »ᾑ-

239 583 414 645 cognomen
442 565 545 644 addit,
577 567 691 634 deinde
719 573 900 652 supervenit
929 571 1095 649 Minucius,
1123 589 1245 635 errasse
1274 572 1501 637 Tertullianum

239 684 400 766 intellegit,
423 703 561 750 errorem
586 692 729 773 corrigit3
752 693 880 772 corrigit
901 694 1030 756 autem?
1058 691 1204 756 videlicet
1226 711 1298 755 eum
1321 693 1501 770 correxisse,

239 805 293 885 qui
316 823 386 868 cum
411 804 561 870 Severum
587 808 731 874 Cassium
748 810 827 875 falso
845 811 904 875 dici
926 811 1024 891 probe
1040 811 1253 889 intellexisset,
1268 830 1330 875 non
1347 813 1502 876 Heminae

239 941 413 1004 cognomen
446 924 579 1005 addidit,
610 929 665 993 sed
699 930 801 994 solum
835 932 942 1011 posuit
967 950 1091 995 nomen.
1138 933 1213 1012 quin
1242 937 1297 996 aut
1322 933 1402 997 ratio
1433 933 1503 1014 ipsa

238 1044 377 1109 tollenda
401 1050 432 1109 et
454 1064 534 1126 quae
557 1048 723 1115 didicimus
746 1052 936 1116 credidimus
959 1051 1233 1132 comprobavimus
1256 1070 1293 1115 ea
1314 1053 1504 1117 dediscenda

241 1163 403 1230 infitianda
433 1166 653 1248 improbanda,
686 1176 742 1235 aut
778 1172 950 1236 Minucium
990 1173 1127 1252 priorem
1165 1190 1244 1248 esse,
1276 1171 1503 1237 Tertullianum

240 1302 362 1349 errasse
383 1287 595 1353 statuendum.

376 1405 454 1469 Volo
467 1443 507 1452 —-
519 1406 597 1472 haec
611 1410 823 1476 Tertullianus
839 1431 864 1476 c.
879 1415 918 1476 14
932 1450 972 1458 —
991 1424 1021 1476 et
1036 1413 1133 1474 ritus
1147 1423 1281 1474 vestros
1302 1434 1503 1478 recensere:

240 1547 297 1588 non
310 1526 375 1588 dico
391 1527 493 1610 quales
503 1528 566 1591 sitis
581 1529 612 1590 in
627 1532 834 1616 sacrificando,
849 1555 915 1595 cuna
930 1542 1025 1593 errec'ta
1044 1542 1069 1593 et
1080 1533 1215 1594 tabidosa
1226 1543 1252 1594 et
1263 1535 1395 1597 scabiosa
1413 1559 1503 1620 qrrae-

240 1667 295 1730 que
312 1647 457 1722 eluctatis,
475 1670 541 1710 curn
558 1650 594 1711 de
609 1652 716 1732 opimis
733 1663 759 1714 et
775 1653 894 1734 integris
910 1673 1094 1733 superuacua
1105 1673 1236 1735 quaeque
1248 1655 1400 1730 truncatis,
1417 1657 1501 1737 capi-

241 1767 303 1828 tula
319 1778 345 1830 et
359 1769 494 1850 angerius,
515 1792 591 1854 quae
610 1773 692 1834 doreti
710 1794 823 1856 <petoque
838 1772 940 1852 pueris
960 1770 1002 1833 oei
1019 1771 1139 1833 curtibus
1159 1771 1363 1849 destinassetis
1381 1797 1447 1836 cum
1468 1775 1505 1838 de

241 1888 355 1950 decima
367 1888 503 1954 Herculis
523 1914 572 1956 nee
588 1895 705 1956 tertiam
716 1902 839 1974 partem
855 1892 886 1953 in
901 1913 989 1953 aram
1006 1890 1066 1952 eius
1082 1890 1251 1971 imponitis:
1263 1890 1392 1954 masdeio
1408 1895 1503 1976 magis

242 2009 420 2088 sapientiam
435 2013 516 2094 qreod
530 2014 566 2075 de
582 2013 702 2095 perdito
716 2011 833 2094 aliquid
847 2013 969 2094 eripitis.
1001 2011 1064 2073 sed
1086 2032 1274 2072 conversus
1293 2011 1340 2072 ad
1355 2010 1504 2074 litteras

241 2139 396 2205 vesicas,
413 2132 517 2214 quibas
532 2133 740 2217 informamini
753 2133 796 2193 ad
804 2132 1002 2212 prudentiam
1018 2141 1043 2192 et
1058 2130 1195 2194 liberalia
1209 2131 1321 2214 officia,
1334 2142 1447 2214 qrtarrta
1459 2132 1503 2194 iu·
1564 2187 1567 2194 ,

240 2249 323 2309 vena
335 2249 475 2311 ludibria.
505 2251 585 2316 ritus
602 2271 636 2316 se
651 2251 881 2316 receusiturum
901 2269 972 2315 esse
987 2248 1158 2331 professus,
1170 2256 1338 2331 postquam
1354 2251 1503 2331 praeteri·

243 2367 337 2431 tionis
359 2367 461 2449 figura
482 2389 560 2435 usus
577 2390 658 2452 quae
680 2391 743 2436 non
767 2371 909 2435 dicturus
932 2377 1017 2434 esset
1038 2371 1243 2448 enumeravit,
1266 2389 1329 2451 quo
1348 2371 1505 2450 promissa

243 2485 356 2550 cadant
373 2505 503 2554 securus
518 2491 558 2554 ad
581 2490 701 2556 litteras
717 2492 877 2555 Romanas
891 2457 1035 2572 abrupte‘
1048 2509 1082 2554 se
1097 2491 1259 2568 convertit,
1280 2489 1320 2553 ad
1335 2489 1415 2553 ritus
1431 2508 1505 2554 nus·

244 2625 338 2690 quam
352 2610 528 2673 revertitur.
556 2629 619 2674 non
635 2612 678 2676 ita
693 2612 859 2690 Minucius
874 2613 929 2677 sed
944 2619 1017 2694 post
1033 2613 1109 2676 haec
1120 2612 1217 2675 verba
1229 2611 1268 2696 (c.
1281 2612 1364 2693 243)
1379 2632 1506 2693 priorem

242 2730 316 2791 ritus
331 2729 358 2791 si
366 2751 550 2810 percenseas,
564 2732 693 2794 ridenda
708 2756 799 2818 qrram
814 2733 1021 2818 acerbandum
1037 2733 1131 2794 marita
1147 2735 1235 2794 etiam
1253 2733 1424 2795 miseranda
1439 2743 1506 2794 seua

243 2849 295 2914 xia
305 2869 342 2913 ac
353 2851 475 2915 ratione
490 2854 668 2934 quindecim
686 2853 785 2917 multa
801 2873 872 2917 cum
888 2854 1040 2917 inrisione
1057 2851 1220 2933 gentilium
1236 2853 1317 2915 ritus
1334 2859 1506 2916 enumerat.

245 2989 307 3051 qua
327 2971 360 3034 in
376 2990 411 3034 re
429 2974 519 3038 cuius
534 2993 597 3038 non
614 2975 760 3056 plausum
783 2973 864 3038 feret
878 2973 1017 3036 Ebertus
1037 2975 1079 3053 (p.
1093 2975 1177 3056 378),
1200 2973 1254 3052 qui
1268 2972 1506 3051 Tertullianum,

244 3092 271 3156 si
292 3092 361 3173 ipse
375 3094 408 3157 id
431 3100 654 3175 argumentum
670 3096 851 3173 invenisset,
874 3092 961 3156 nullo
976 3092 1071 3156 modo
1086 3097 1150 3154 tam
1168 3092 1400 3156 inconsiderate
1416 3112 1505 3156 suam

244 3219 367 3294 partem
390 3213 610 3278 derelicturum
626 3213 726 3280 fuisse
741 3213 925 3280 contendit?
947 3213 1021 3293 quid
1037 3212 1123 3293 quod
1138 3230 1178 3275 ne
1199 3213 1361 3277 Hartelius
1379 3214 1506 3294 quidem

245 3337 287 3414 (p.
303 3335 378 3418 366)
399 3334 511 3398 Eberti
534 3335 709 3420 sententiae
732 3335 892 3412 obnititur,
916 3335 972 3397 sed
991 3339 1026 3397 ut
1041 3333 1268 3397 Tertullianum
1291 3333 1508 3414 neglegentiae

247 3453 376 3516 crimine
387 3453 501 3517 liberet
509 3455 721 3536 Havercampi
733 3457 944 3518 coniecturam
957 3453 1120 3535 amplexus
1133 3453 1247 3534 inipso
1260 3452 1414 3516 enuntiati
1423 3455 1508 3533 prin·

245 3573 325 3654 cipio
341 3592 399 3654 pro
416 3574 512 3638 verbo
529 3575 613 3654 quod
627 3581 675 3639 est
696 3577 759 3638 nolo
776 3575 881 3655 potius
903 3575 988 3652 aliud
1003 3575 1063 3639 hoc
1079 3575 1144 3636 nolo
1165 3573 1421 3638 substituendum
1439 3593 1509 3639 esse

246 3700 361 3759 censet.
405 3715 467 3777 qua
494 3696 526 3759 in
549 3714 583 3760 re
606 3716 624 3760 e
646 3697 714 3760 viro
738 3695 923 3776 gravissimo
954 3700 986 3758 et
1008 3695 1200 3771 doctissimo,
1232 3694 1321 3757 ouius
1347 3694 1432 3774 apud
1458 3713 1509 3758 me

245 3817 416 3881 auctoritas
438 3817 610 3898 plurimum
633 3816 738 3898 pollet,
755 3815 921 3880 dissentire
944 3815 1020 3878 mihi
1042 3815 1142 3879 liceat.
1185 3833 1288 3896 neque
1304 3816 1388 3878 enim
1404 3815 1509 3896 negle-

249 3937 371 4017 gentiae
393 3938 619 4002 Tertullianum
641 3938 790 4002 insimulo
805 3956 908 4018 neque
922 3937 983 4000 hoc
998 3955 1069 4000 eum
1086 3937 1216 4000 crimine
1236 3935 1378 4017 speciosa
1393 3941 1510 3999 cetero·

248 4057 323 4138 quin
345 4064 439 4139 atque
462 4059 597 4140 eleganti
620 4060 799 4124 coniectura
819 4058 1017 4123 liberandum
1041 4056 1197 4120 existimo:
1221 4056 1277 4118 sed
1300 4074 1362 4136 quo
1385 4063 1460 4132 erat,
1476 4061 1512 4118 ut

248 4179 321 4256 dixi,
344 4179 456 4259 spiritu
480 4179 562 4244 elato
585 4198 621 4244 ac
648 4179 783 4256 sublimi,
813 4178 933 4259 ingenti
959 4177 1183 4258 indignationis
1210 4175 1333 4240 fervore
1362 4176 1512 4257 abreptus

248 4299 423 4364 minoribus
452 4300 602 4382 neglectis
631 4301 742 4381 rapido
773 4318 867 4363 cursu
898 4299 939 4362 ad
968 4299 1090 4379 potiora
1118 4296 1231 4376 fertur3
1260 4315 1353 4377 quam
1382 4300 1416 4358 tu
1446 4296 1512 4360 sive

247 4420 407 4485 levitatem
438 4420 525 4484 dices
554 4426 586 4484 et
606 4420 844 4502 indiligentiam,
873 4419 948 4496 sive,
976 4435 1027 4480 me
1057 4418 1084 4481 si
1115 4417 1233 4494 audies,
1263 4417 1352 4496 quasi
1380 4415 1512 4479 furentis

247 4539 352 4618 animi,
375 4543 411 4603 ut
433 4559 504 4604 cum
527 4540 675 4605 Petronio
697 4540 816 4621 loquar,
840 4540 985 4620 spiritum
1008 4539 1257 4620 praecipitatum,
1280 4537 1334 4618 qui
1348 4534 1513 4616 religiosae

250 4661 401 4726 orationis
424 4662 483 4726 sub
505 4661 640 4726 testibus
662 4660 757 4726 fidem
781 4660 916 4742 spernit:
949 4659 1071 4722 litteras
1096 4657 1228 4722 traditas
1255 4662 1378 4721 mutare
1405 4673 1514 4736 super-

260 4782 394 4862 sedebis,
414 4801 454 4846 ue
472 4801 534 4847 non
557 4786 620 4848 tam
643 4781 805 4848 librarium
828 4800 921 4868 quam
945 4779 1130 4866 scriptorem
1153 4777 1324 4844 correxisse
1347 4776 1490 4844 videaris.
