3410 5408
162 604 272 666 titalia-
289 603 512 684 praeiudicium
534 605 627 666 omnis
653 607 745 668 bonae
764 607 889 668 mentis·
911 603 920 688 β
944 623 1127 687 quamquam
1154 621 1228 662 rara
1257 619 1307 660 uec
1321 598 1417 682 facilc

157 723 295 805 perfecta
315 722 420 805 uirque
440 725 644 808 perpetua-‚l
671 735 768 787 tantun
797 725 981 809 aliquatenus
1007 724 1039 784 in
1067 719 1180 782 sacculo
1208 718 1375 780 morabitur
1398 716 1414 800 ξ,

161 843 318 902 sinatura
333 844 581 922 praestruacrit-,
607 845 633 904 si
654 843 812 925 disciplina
832 842 1044 923 persuaserit-,
1073 840 1099 900 ai
1120 860 1242 900 censura
1268 857 1415 916 compres-

162 962 261 1036 serit-,
283 961 286 1042 l
305 959 449 1043 siquidem
471 982 555 1023 onina
577 963 671 1024 animi
691 963 799 1024 bonum
821 974 872 1024 aul
893 962 1024 1024 nascitur
1054 969 1106 1020 aut
1131 958 1266 1020 eruditur
1295 966 1346 1016 aul
1367 976 1415 1016 co-

161 1081 270 1160 gitur-.
292 1079 301 1164 β
325 1079 377 1141 aad
396 1092 426 1142 ut
452 1082 533 1142 mala
560 1081 655 1162 maqir
682 1083 810 1159 vincunt,
840 1081 920 1166 quod
948 1080 1118 1141 ultimorum
1144 1087 1311 1157 temporum
1339 1073 1416 1135 ratio

163 1211 211 1277 cot,
230 1205 235 1282 l
255 1200 331 1261 lrona
353 1200 415 1260 iam
436 1221 487 1262 nec
507 1201 590 1262 nasci
612 1201 684 1278 licet,
711 1202 753 1262 ita
779 1211 921 1281 corrupta
947 1209 1014 1260 sunt
1042 1197 1153 1259 semina
1162 1231 1185 1271 -,
1213 1217 1263 1256 uec
1292 1194 1414 1271 crudiri,

163 1320 205 1381 ita
230 1319 342 1380 deserta
368 1329 433 1379 sunt
463 1320 593 1397 stadia-,
620 1342 670 1381 uere
696 1320 768 1402 copi,
794 1322 836 1382 ita
864 1329 1019 1382 eaor-mata
1047 1326 1113 1377 sicul
1140 1316 1230 1375 iura·
1258 1313 1415 1395 (tricolum

165 1457 235 1502 cum
258 1438 406 1502 tetracolo
428 1439 627 1503 coniunctum
649 1440 805 1520 bipartita,
821 1443 996 1520 sequuntur
1010 1435 1119 1500 tricola
1137 1438 1296 1514 quattuor;
1315 1433 1416 1514 perio-

164 1559 223 1622 dus
245 1559 333 1622 utin
356 1559 517 1639 prooemio
539 1559 654 1639 insigni
677 1559 811 1640 expolita
837 1564 885 1622 est
906 1559 1003 1641 arte);
1032 1553 1212 1637 Cypriani
1241 1554 1283 1614 ad
1304 1552 1416 1615 Deme-

162 1679 293 1738 trianum
315 1697 340 1740 c.
363 1679 381 1739 9
403 1678 507 1740 delicta
528 1681 749 1742 mendaciorum
771 1679 927 1740 libidinum
941 1677 1114 1759 fraudium,
1133 1679 1138 1757 Ι
1157 1672 1338 1735 crudelitatis
1359 1672 1416 1732 im-

158 1797 411 1880 pictatisfuroria
426 1796 502 1875 (duo
521 1798 657 1882 tricola);
678 1797 840 1862 Arnobii
860 1795 1001 1875 exempla
1016 1794 1238 1876 asyndetorum
1260 1791 1414 1854 trinorum

107 1987 109 1990 ¹
163 1914 437 1979 Reifferscheidius
460 1917 584 1997 collegit
605 1917 716 1980 indicis
735 1935 764 1996 p.
787 1919 858 1979 347.
901 1915 1025 1978 duravit
1047 1933 1123 1978 usus
1146 1932 1202 1994 par
1225 1909 1349 1974 saecula
1370 1911 1417 1973 in·

164 2035 332 2114 sequentia,
361 2054 401 2098 ue
422 2037 543 2099 mediae
570 2037 696 2116 quidem
720 2037 831 2100 aetatis
859 2035 1002 2099 barbarie
1028 2034 1153 2110 interiit,
1180 2031 1252 2096 vide
1276 2030 1418 2111 exempla

163 2154 248 2234 apud
285 2153 481 2218 Breslavium
522 2154 684 2218 enchiridii
726 2155 766 2219 de
805 2155 1052 2236 syngrapharum
1096 2153 1216 2217 ratione
1253 2150 1418 2231 compositi

164 2274 223 2338 vol.
245 2275 261 2337 I
282 2294 312 2356 p.
334 2277 404 2338 586.

290 2396 319 2478 ο)
350 2395 400 2457 De
422 2396 622 2460 tetracolis
644 2397 771 2460 brevius
797 2416 905 2478 agam3
931 2415 1004 2459 nam
1032 2394 1105 2475 quia
1131 2393 1247 2474 singuli
1275 2395 1417 2456 auctores

164 2512 287 2594 qualem
316 2514 415 2577 secuti
443 2515 505 2578 sint
535 2515 658 2581 dicendi
687 2517 840 2581 rationem
867 2516 1124 2597 disciplinamque
1155 2532 1251 2594 supra
1279 2513 1418 2594 exposui,

164 2632 223 2697 hoc
244 2633 313 2698 loco
336 2636 477 2716 exempla
492 2636 645 2717 quaedam
668 2636 783 2700 selecta
804 2634 940 2700 afferam.
983 2635 1042 2699 hoc
1057 2639 1163 2698 autem
1178 2651 1300 2712 monce,
1323 2638 1416 2697 tetra·

165 2754 224 2818 coli
245 2756 397 2820 rationem
421 2774 489 2819 eam
511 2754 616 2833 fuisse
632 2761 675 2832 ut,
697 2775 767 2819 cum
783 2756 942 2836 quaternis
960 2757 1117 2818 constaret
1132 2754 1290 2832 memhris,
1307 2772 1415 2817 eorum

165 2874 238 2938 hina
260 2881 291 2938 et
315 2877 419 2956 priora
442 2881 473 2940 et
494 2877 667 2956 posteriora
688 2877 753 2941 sive
776 2875 1010 2957 significationis
1033 2875 1100 2938 sive
1122 2874 1191 2937 soni
1217 2877 1283 2940 sive
1302 2877 1416 2941 utrius-

166 3013 226 3075 que
248 2995 379 3060 vincuhs
393 2997 578 3078 plerumque
599 2998 848 3077 coniugarentur.
893 2997 1053 3077 Gorgias
1076 2995 1181 3059 Hel.4
1204 3001 1234 3070 ot
1252 2993 1305 3079 μὲν
1323 2987 1416 3057 πλού-

165 3116 323 3184 τουςνέου
345 3118 484 3180 addidi>
504 3117 630 3202 μεγέθη,
648 3123 674 3178 oi
689 3109 723 3177 δὲ
744 3115 888 3202 εὐγενείας
909 3120 1039 3190 παλαιᾶς
1060 3108 1202 3195 εὐδοξίαν,
1226 3122 1252 3178 οί
1274 3108 1309 3177 δὲ
1323 3114 1417 3190 ἀλκῆς

166 3238 272 3311 οἰκείας
300 3229 421 3315 εὐεξίαν,
451 3244 477 3298 οἱ
503 3230 538 3298 δὲ
568 3237 671 3322 σοφίας
700 3227 862 3305 ἐπικτήτου
892 3228 1015 3321 δύναμιν
1046 3240 1142 3320 ἔσχον.
1190 3236 1255 3300 Pal.
1280 3238 1316 3300 17
1345 3242 1417 3299 πᾶσι

165 3350 219 3442 γὰρ
243 3354 258 3418 ὅ
279 3379 315 3440 γε
336 3348 484 3442 προδότης
504 3357 653 3441 πολέμιος,
676 3361 720 3437 τῷ
748 3348 828 3441 νόμῳ
858 3377 896 3437 τρ
927 3349 1002 3438 δίκη,
1035 3367 1097 3430 τοῖς
1121 3363 1203 3430 θεοῖς
1229 3361 1274 3438 τῷ
1305 3347 1417 3426 πλήθει

164 3481 227 3536 τῶν
248 3468 422 3562 ἀνθρώπων.
467 3479 506 3538 27
529 3471 629 3536 πολλά
650 3479 700 3538 καὶ
721 3467 849 3561 μεγάλα,
872 3478 922 3538 καὶ
943 3471 1058 3537 παλαιά
1083 3478 1132 3538 καὶ
1157 3476 1215 3539 νέα.
1261 3480 1300 3540 37
1324 3469 1417 3538 δεινὸν

165 3589 266 3674 ἄθεον,
296 3589 399 3658 ἄδικον
425 3591 534 3680 ἄνομον
559 3599 650 3680 ἔργον.
695 3595 830 3676 epitaph.
852 3595 930 3659 fr.2
958 3591 994 3658 τὸ
1021 3588 1089 3657 δέον
1116 3597 1145 3655 ἐν
1174 3601 1219 3676 τῷ
1247 3589 1345 3658 δέοντι
1368 3598 1418 3658 καί

164 3715 261 3800 λέγειν
292 3717 342 3776 καὶ
375 3721 466 3801 σιγᾶν,
501 3717 550 3776 καὶ
582 3725 673 3776 ποιεῖν
700 3716 749 3776 καὶ
775 3716 833 3776 ἐᾶν.
877 3715 918 3778 ib.
949 3711 1081 3800 ὑβρισταὶ
1114 3719 1153 3787 εἰς
1181 3710 1251 3788 τοὺς
1281 3709 1418 3801 ὑβριστὰς

166 3826 282 3920 κόσμιοι
304 3841 343 3908 εἰς
364 3830 435 3909 τοὺς
456 3836 602 3920 κοσμίους,
626 3827 734 3918 ἄφοβοι
756 3840 795 3908 εἰς
816 3831 887 3908 τοὺς
909 3826 1039 3920 ἀφόβους
1061 3827 1149 3895 δεινοὶ
1172 3834 1285 3907 ἐντοῖς
1306 3826 1417 3907 δεινοῖς.

164 3954 204 4016 ib.
227 3953 282 4017 οὐκ
304 3949 416 4040 ἄπειροι
438 3950 507 4016 οὔτε
528 3945 661 4038 ἐμφύτου
683 3947 766 4038 ἄρεος
790 3947 859 4016 οὔτε
882 3955 1012 4038 νομίμων
1034 3946 1162 4040 ἐρώτων,
1186 3947 1256 4016 οὔτε
1283 3955 1417 4015 ἐνοπλίου

166 4067 257 4161 ἔριδος
279 4068 348 4135 οὔτε
372 4065 536 4159 φιλοκάλου
563 4064 688 4159 είριίνης·
719 4075 817 4157 σεμνοὶ
844 4071 896 4156 μὲν
925 4067 996 4158 πρὸς
1021 4070 1092 4148 τοὺς
1118 4069 1208 4146 θεοὺς
1234 4079 1279 4154 τῷ
1311 4066 1415 4152 δικαίῳ

166 4191 241 4254 ὅσιοι
270 4186 305 4254 δὲ
328 4188 398 4279 πρὸς
425 4187 506 4266 τοὺς.
523 4192 632 4266 τοκέας
658 4197 696 4273 τῇ
726 4194 880 4278 θεραπείᾳ,
903 4185 1012 4255 δίκαιοι
1034 4191 1086 4277 μὲν
1112 4187 1183 4278 πρὸς
1210 4187 1280 4266 τοὺς
1307 4187 1417 4267 ἀστοὺς

165 4321 209 4396 τῷ
230 4319 284 4394 ίσῳ
309 4311 434 4393 εὐσεβεῖς
456 4305 491 4373 δὲ
511 4307 581 4398 πρὸς
602 4306 672 4385 τοὺς
694 4313 795 4397 φίλους
820 4318 859 4394 τῇ
882 4313 986 4374 πίστει.
1032 4311 1200 4391 Antipho
1229 4311 1267 4374 de
1293 4310 1417 4376 thoni:

165 4427 244 4520 νὸμφ
268 4438 419 4519 εἴργεσθαι
445 4424 562 4505 πόλεως
590 4437 680 4518 ἱερῶν,
711 4424 835 4517 ἀγώνων
862 4437 983 4494 θυσιῶν.
1028 4435 1067 4495 39
1097 4423 1269 4514 διελέγοντο
1302 4431 1331 4490 έν
1356 4441 1418 4503 τοῖς

165 4562 246 4641 ἱεροῖς
269 4555 298 4615 ἐν
319 4558 357 4634 τῇ
380 4551 483 4638 ἀγορᾷ,
507 4554 537 4613 ἐν
557 4557 594 4632 τῇ
617 4553 673 4636 ἐμῇ
707 4552 783 4632 οἰκία
806 4552 835 4611 έν
857 4557 894 4631 τῇ
919 4552 1048 4638 σφετέρα
1068 4550 1176 4629 αὐτῶν,
1201 4551 1265 4636 (καὶ
1290 4549 1418 4637 ἑτέρωθι

165 4675 342 4756 πανταχοῦ).
397 4670 465 4734 adv.
494 4688 617 4734 novere.
643 4672 683 4732 22
718 4667 853 4754 ἀθέμιτα
888 4671 937 4731 καὶ
963 4662 1075 4750 ἀνόσια,
1107 4671 1157 4731 καὶ
1189 4669 1341 4732 ἀτέλεστα
1368 4671 1418 4732 καὶ

167 4784 344 4863 ἀνήκουστα.
387 4789 636 4872 Thucydides
658 4789 722 4853 VII
743 4791 781 4852 71
804 4781 840 4860 ἦν
857 4781 962 4864 Ιπάντα
984 4784 1059 4878 ὁμοῦ
1087 4788 1225 4854 ἀκοῦσαι·
1253 4785 1419 4880 ὀλοφυρμὸς
