3410 5408
727 367 861 460 ‘11

735 485 945 493 .—---—-

336 578 475 642 Transeo
502 583 543 647 ad
572 583 659 647 aliud
681 582 792 646 Eberti
821 586 1042 662 argumentum
1066 583 1108 664 (p.
1132 585 1194 645 354
1217 583 1310 666 squ),
1340 581 1379 645 de
1406 598 1469 661 quo

209 697 338 762 uberius
361 700 452 766 video
475 703 552 766 mihi
575 703 802 784 disputandum
833 720 903 765 esse
929 721 965 766 ac
987 700 1103 780 susino,
1127 702 1200 782 quia
1221 702 1359 765 libertus
1380 704 1470 781 parte

208 819 274 882 veri
305 821 439 900 detecta,
469 841 540 886 cum
564 825 723 887 omitteret
751 823 784 886 id
811 821 896 902 quod
919 839 1078 884 summum
1107 827 1139 884 et
1167 821 1352 901 primarium
1377 826 1469 898 esset,

208 936 365 1003 refutandi
393 940 547 1005 rationem
577 942 720 1006 Hartelio
751 943 793 1024 (p.
816 943 877 1004 350
908 944 986 1024 sqq.)
1020 940 1138 1006 invitus
1171 939 1240 1022 ipse
1274 939 1470 1005 monstravit.

208 1059 369 1124 Minucius
403 1061 486 1124 enim
521 1062 558 1144 (c.
582 1065 614 1147 6)
637 1062 669 1125 in
702 1080 838 1142 persona
876 1060 1002 1125 Caecilii
1032 1061 1246 1124 Romanorum
1280 1065 1469 1142 potestatem

209 1185 240 1245 et
261 1181 478 1245 auctoritatem
494 1187 614 1246 totum
642 1187 829 1246 terrarum
855 1181 984 1245 orbem
1008 1199 1217 1262 occupasse
1240 1184 1373 1258 enarrat,
1396 1199 1468 1245 cum

208 1306 296 1366 tanta
317 1320 426 1366 eorum
457 1299 570 1366 fuisset
590 1301 709 1382 religio,
742 1306 778 1365 ut
806 1319 870 1365 uon
901 1320 976 1366 suos
1005 1301 1107 1365 solum
1138 1301 1283 1382 proprios
1306 1301 1381 1364 deos
1412 1300 1469 1366 sed

209 1421 473 1486 universarum
514 1423 683 1503 gentium
716 1421 873 1485 numina
906 1420 1077 1485 colerent
1111 1438 1322 1501 eorumque
1362 1439 1470 1485 sacra

209 1539 476 1622 susciperent,
500 1561 594 1623 quam
618 1541 805 1605 seutentiam
837 1541 986 1608 Octavius
1008 1545 1120 1622 postea
1141 1541 1179 1623 (c.
1203 1543 1257 1624 25)
1280 1542 1323 1604 ita
1346 1540 1470 1620 refutat,

209 1667 245 1725 ut
270 1661 424 1726 iniustitia
448 1662 564 1727 scelere
587 1663 740 1743 sanguine
763 1663 870 1726 orbem
894 1666 1050 1724 terrarum
1079 1662 1111 1724 iu
1134 1661 1350 1724 Romanorum
1374 1661 1469 1725 dicio-

210 1799 291 1845 nem.
306 1781 468 1846 redactum
492 1799 562 1846 esse
583 1781 786 1846 demonstret.
815 1782 899 1845 idem
915 1787 1137 1861 argumentum
1158 1781 1296 1844 Ebertus
1312 1781 1472 1846 contendit

209 1901 273 1983 legi
294 1902 327 1965 in
349 1901 533 1966 Tertulliani
556 1901 657 1982 capite
679 1902 827 1966 vicesimo
849 1903 973 1983 quinto,
996 1903 1053 1966 sed
1080 1920 1160 1983 quae
1188 1903 1273 1983 apud
1295 1902 1469 1966 Minucium

211 2027 295 2086 recte
317 2022 492 2103 procedant
513 2041 550 2087 ea
579 2021 664 2103 apud
691 2021 919 2087 Tertullianum
943 2027 1006 2086 tam
1030 2023 1145 2086 misere
1171 2026 1302 2086 consuta
1326 2041 1410 2100 esse,
1433 2027 1469 2086 ut

209 2141 276 2206 fere
298 2161 338 2206 ne
360 2141 543 2222 intellegere
566 2141 692 2223 quidem
715 2143 817 2223 possit
830 2143 892 2206 nisi
914 2143 968 2223 qui
983 2143 1112 2206 Minucii
1135 2142 1379 2222 disputationem
1395 2146 1468 2206 ante

211 2263 361 2343 cognorit.
399 2280 492 2343 quam
514 2263 818 2342 argumentationem
846 2263 1008 2327 Hartelius
1031 2262 1215 2326 Tertulliani
1236 2263 1333 2326 verba
1354 2263 1470 2326 rectius

210 2382 434 2463 interpretatus
455 2379 611 2446 refutavit.
655 2383 765 2446 Eberti
787 2388 901 2446 autem,
917 2401 1004 2446 error
1026 2383 1100 2447 inde
1122 2387 1224 2460 ortua,
1248 2382 1333 2462 quod
1355 2381 1467 2446 falsam

211 2500 361 2581 sibiipsa
384 2501 519 2582 sumpsit
540 2502 802 2583 propositionem:
824 2521 927 2584 neque
950 2503 1033 2566 enim
1046 2503 1130 2566 idem
1147 2506 1369 2582 argumentum
1384 2502 1470 2583 apud

211 2625 381 2701 utrumque
403 2621 460 2685 sed
483 2621 592 2700 simile,
615 2623 741 2686 diversa
762 2623 860 2703 igitur
882 2627 1053 2703 utrumque
1082 2623 1129 2686 uti
1152 2625 1399 2686 consentaneum
1423 2620 1472 2678 est

211 2739 262 2804 via
285 2740 540 2820 demonstrandi,
570 2747 606 2806 ut
632 2744 686 2823 qui
707 2743 841 2808 alterum
871 2762 942 2807 cum
965 2742 1064 2806 altero
1095 2743 1221 2806 studeat
1242 2755 1416 2820 exaequare
1438 2737 1471 2800 in

211 2879 350 2926 errorem
377 2879 506 2926 necesse
534 2863 575 2926 sit
604 2863 729 2928 incidat.
786 2883 848 2945 qua
877 2864 916 2928 de
945 2882 979 2927 re
1008 2863 1124 2927 rectius
1153 2863 1371 2940 iudicabimus,
1399 2879 1471 2926 cum

212 2987 288 3068 quid
319 2987 421 3067 capite
450 2987 654 3050 antecedente
685 2991 752 3072 (24)
783 2988 994 3052 Tertullianus
1023 2993 1157 3068 exponat
1179 2985 1471 3051 examinaverimus.

212 3107 455 3189 irreligiositatis
478 3145 518 3152 —
541 3127 624 3172 novo
647 3109 740 3186 enim,
763 3113 798 3172 ut
821 3109 909 3188 solet,
933 3110 965 3172 in
988 3127 1070 3172 nova
1091 3127 1126 3172 re
1147 3109 1246 3172 utitur
1261 3106 1415 3173 vocabulo
1429 3113 1470 3152 '-

213 3233 339 3292 accusat
362 3229 531 3306 Romanoa,
560 3230 645 3310 quod
667 3229 808 3292 adimant
830 3229 991 3310 religionis
1018 3229 1196 3293 libertatem
1224 3234 1256 3293 et
1282 3227 1471 3292 interdicant

213 3347 372 3428 optionem
410 3349 594 3428 divinitatis
627 3355 663 3414 ut
695 3350 757 3414 iam
791 3369 854 3414 non
888 3349 980 3412 liceat
1018 3348 1206 3413 Christianis
1240 3349 1342 3413 colere
1375 3364 1469 3427 quem

213 3469 323 3547 velint,
347 3470 403 3534 sed
426 3475 577 3550 cogantur
599 3470 701 3534 colere
724 3487 817 3549 quem
840 3469 953 3533 nolint:
997 3470 1082 3550 quod
1109 3469 1148 3532 ab
1171 3468 1233 3532 illis
1256 3487 1294 3532 eo
1325 3468 1472 3532 iniustius

214 3591 361 3671 praecipi,
397 3591 470 3671 quia
496 3591 608 3654 ceteris
636 3590 783 3671 gentibus
807 3608 881 3654 suos
911 3591 1024 3672 cuique
1052 3591 1128 3654 deos
1152 3589 1254 3655 colere
1281 3589 1472 3672 pennittant.

213 3711 377 3794 uuicuique,
411 3710 520 3791 inquit,
549 3710 637 3772 etiarn
658 3711 832 3791 prouinciae
859 3723 884 3773 et
907 3713 1017 3774 ciuitati
1046 3735 1115 3773 sarus
1143 3713 1282 3790 deusest,
1312 3723 1343 3773 ut
1366 3711 1474 3793 Syriae

212 3832 365 3906 Asteries,
388 3842 420 3892 ut
442 3830 575 3892 Arabiae
600 3829 748 3905 Dusarea,
771 3842 802 3892 ut
822 3830 944 3896 Noricis
966 3833 1105 3908 Baianus,
1130 3843 1161 3893 ut
1172 3831 1299 3916 Africae
1323 3831 1469 3906 (irelcratia,

212 3962 243 4012 nt
265 3951 470 4014 Mauritaniae
498 3953 595 4034 repuli
619 3951 672 4012 eui.
718 3951 890 4028 Romanas,
918 3964 950 4015 ut
971 3955 1095 4034 opinor,
1113 3954 1286 4034 prouincias
1315 3953 1396 4015 edidi
1417 3975 1469 4014 nec

211 4081 308 4134 tamen
326 4073 481 4134 Romanos
504 4072 572 4133 deos
594 4095 704 4155 eorum,
720 4075 791 4156 prtia
813 4073 931 4138 Romae
952 4097 1010 4136 nou
1032 4075 1127 4156 magis
1149 4073 1284 4135 coluntur
1306 4096 1396 4158 qurum
1418 4074 1472 4156 qui

208 4199 273 4270 pcr'
287 4192 386 4272 ipsam
408 4214 521 4278 quoquc
543 4193 667 4254 Italiam
693 4195 870 4276 municipali
891 4194 1104 4256 consecratione
1126 4204 1284 4256 censentur.
1326 4192 1469 4255 Corinen-

211 4311 287 4372 sium
300 4310 507 4388 Deiucntinus,
534 4309 749 4376 Narniensium
775 4315 952 4397 Visidiarum,
975 4313 1196 4377 Asculanorum
1211 4312 1377 4384 Arahario,
1406 4312 1469 4376 Vot-

211 4430 382 4492 siniensiurn
404 4431 533 4507 Nortia,
558 4433 805 4496 Ocriculanorum
832 4434 979 4508 Valentia,
1009 4433 1202 4496 Sutrinorum
1225 4432 1342 4510 Hostia,
1368 4433 1470 4495 Falis-

214 4573 314 4612 corum
339 4552 370 4614 in
392 4552 532 4616 honorem
554 4553 657 4616 Putris
681 4554 770 4617 Curis
792 4566 818 4617 ct
840 4557 951 4637 crccepit
974 4576 1131 4637 cognomen
1153 4554 1239 4616 Iuno.
1273 4553 1325 4615 scd
1343 4576 1396 4615 nos
1417 4553 1473 4615 soii

209 4693 348 4735 arcemur
363 4697 381 4734 a
396 4673 546 4755 religionis
555 4674 750 4754 proprietate.
784 4673 929 4737 laedimus
943 4675 1099 4738 Romanos
1114 4695 1165 4736 nec
1179 4674 1314 4738 Romani
1327 4674 1470 4743 habentur

215 4793 267 4877 qui
303 4815 360 4855 non
396 4793 606 4856 Rornanorum
639 4794 725 4857 deum
758 4794 878 4857 colimus
902 4843 907 4856 .
931 4843 937 4856 .
961 4844 966 4856 .
992 4794 1030 4878 (c.
1058 4796 1112 4882 25)
1144 4795 1214 4856 satis
1252 4795 1371 4881 quidem
1399 4795 1474 4860 ririiri
