3410 5408
764 361 964 456 Ab„

232 537 327 608 πῶσει
350 543 648 628 συναναπεπλεγμένα
669 538 709 605 τά
731 535 887 606 ἀσύνδετα.
929 537 1054 606 ’πολλὰ
1074 541 1131 629 γὰρ
1153 541 1188 606 ἀν
1205 535 1352 612 ποιήσειεν
1374 535 1390 604 ὁ
1416 531 1491 602 τύπ-

231 689 302 742 των,
319 654 359 725 ῶν
374 658 390 726 ὁ
405 657 516 726 παθῶν
531 667 591 724 ἔνια
612 655 674 725 οὐδ’
704 660 740 724 ἂν
761 661 943 750 ἀπαγγείλαι
964 655 1085 728 δύναιτο
1101 664 1204 752 ἑτέρῳ,
1220 668 1266 744 τῷ
1288 653 1430 746 σχήματι,
1445 665 1491 739 τῶ

234 782 386 868 βλέμματι
396 787 435 863 τῇ
448 779 567 867 φωνῇ”.
591 779 645 844 εἷθ’
664 784 710 844 ἵνα
726 777 766 868 μὴ
779 783 826 844 ἐπὶ
839 787 903 844 τῶν
918 781 1018 846 αὐτῶν
1029 778 1044 846 ὁ
1057 775 1148 870 λύγος
1162 777 1214 844 ἰῶν
1227 787 1282 864 στῇ
1296 820 1335 829 -
1347 783 1377 842 ἐν
1388 771 1493 842 στάσει

233 897 289 988 γὰρ
311 896 348 965 τὸ
371 899 505 988 ἠρεμοῦν,
528 902 558 962 ἐν
580 893 689 984 ἀταξία
711 893 746 963 δὲ
767 897 804 965 τὸ
826 894 934 982 πάθος,
958 904 1020 965 ἐπεὶ
1042 897 1119 990 φορά
1141 901 1238 986 ψυχῆς
1259 902 1309 962 καὶ
1329 897 1493 984 συγκίνοσίς

236 1024 316 1084 ἐστιν
329 1059 369 1069 -
382 1017 472 1094 εὐθὺς
489 1019 530 1082 ἐπ’
549 1015 630 1083 ἀλλα
645 1013 805 1107 μεθήλατο
821 1014 970 1085 ἀσύνδετα
984 1023 1034 1084 καὶ
1048 1012 1249 1108 ἐπαναφοράς’
1263 1015 1332 1101 “aql
1349 1009 1492 1104 σχήματι,

235 1147 281 1222 τῷ
305 1140 465 1227 βλέμματι,
480 1146 518 1223 τῇ
536 1147 628 1226 φωνξ,
644 1138 718 1203 ὅταν
740 1137 781 1215 ῶς
801 1134 932 1229 ὑβρίζων,
949 1140 1022 1204 ὅταν
1044 1137 1085 1215 ῶς
1107 1133 1225 1228 ἐχθρός,
1243 1139 1317 1204 ὅταν
1331 1129 1493 1215 κονδύλοις,

238 1257 312 1324 ὅταν
339 1254 379 1334 ῶς
406 1253 550 1322 δοῦλον”.
595 1253 680 1323 οὐδὲν
706 1255 783 1322 ἄλλο
809 1253 860 1323 διὰ
885 1252 1041 1323 τούτωνὸ
1069 1252 1165 1347 ρ’ήτωρ
1187 1257 1206 1331 ἦ
1229 1259 1299 1346 ὅπερ
1326 1254 1342 1321 ὁ
1372 1249 1495 1320 τύπτων

238 1371 402 1466 ἐργάζεται,
425 1373 480 1450 τὴν
501 1371 632 1442 διάνοιαν
660 1385 723 1441 τῶν
744 1372 896 1442 δικαστῶν
917 1384 955 1461 τῇ
983 1371 1146 1459 ίπαλλιίλῳ
1175 1371 1304 1448 πλήττει
1326 1383 1403 1465 φορᾷ
1425 1381 1492 1440 κτλ.

239 1505 342 1563 cetera
363 1500 586 1564 Demosthenis
609 1500 758 1582 exempla,
781 1518 913 1581 quorum
936 1519 1052 1580 parvus
1075 1504 1123 1564 est
1142 1518 1301 1576 numerus,
1318 1499 1389 1563 vide
1411 1498 1496 1579 apud

238 1617 467 1682 Rehdantzium
495 1625 527 1682 et
556 1619 714 1683 Blassium
745 1619 764 1682 l.
787 1639 812 1682 c.
834 1638 864 1699 p.
888 1622 936 1683 10.
993 1619 1199 1683 Aeschinis
1227 1619 1287 1683 hoc
1319 1619 1496 1700 exemplum

238 1737 353 1817 legitur
381 1736 413 1798 in
443 1735 665 1817 Ctesiph0ntea
694 1739 773 1821 (94);
806 1743 844 1811 εἰς
865 1732 921 1824 γάρ
947 1743 1041 1800 τοῦτο
1068 1729 1210 1824 προήχθη
1232 1738 1369 1812 Καλλίας
1399 1737 1452 1823 μὲν
1480 1732 1496 1800 ὁ

240 1848 411 1928 Χαλκιδεὺς
433 1853 542 1942 ὕβρεως
568 1858 617 1918 καὶ
647 1849 825 1938 πλεονεξίας,
854 1857 1047 1942 Δημοσθένης
1075 1850 1110 1919 δὲ
1136 1855 1168 1920 ὃν
1196 1859 1307 1920 ἐπαινεῖ
1333 1858 1500 1943 Κτησιφῶν

241 1969 432 2063 δωροδοκίας,
456 1974 537 2038 ὥστε
559 1969 614 2049 τάς
635 1967 674 2056 ,ἐξ
692 1974 801 2062 Ὠρεοῦ
825 1968 975 2051 συντάξεις
995 2027 1001 2040 .
1018 2026 1047 2040 ..
1067 1969 1200 2064 ’ρῶντων
1222 1969 1406 2063 φρονούντων
1428 1981 1497 2058 βλε-

240 2089 359 2160 πόντων
386 2099 498 2158 stauos
530 2090 612 2180 ὑμῶν
643 2087 829 2182 ὑφελόμενοι.
884 2098 1094 2172 Isocrates,
1126 2116 1314 2178 quamquam
1347 2097 1496 2177 Gorgiam

242 2220 368 2280 secutus
383 2215 585 2297 periodorum
600 2213 734 2278 formam
750 2233 844 2296 saepe
862 2217 955 2280 struit
969 2217 1184 2281 trimembrem
1192 2217 1226 2302 1),
1243 2217 1299 2281 sed
1314 2221 1349 2280 ut
1362 2216 1497 2296 Gorgiae

243 2353 334 2398 caesa
354 2335 567 2398 minutissima
591 2353 628 2398 ec
657 2335 793 2414 quodam
822 2336 917 2399 modo
948 2335 1092 2400 salientia
1123 2337 1227 2418 amplo
1258 2337 1359 2418 spatio
1389 2335 1499 2400 dilatet

244 2453 450 2534 stabiliaque,
481 2455 631 2536 asyndeta
658 2454 753 2517 habet
784 2455 982 2536 paucissima,
1005 2456 1094 2520 cuius
1124 2458 1170 2520 rei
1199 2475 1325 2521 causam
1353 2455 1499 2536 egregius

243 2591 336 2653 quem
358 2572 452 2652 paulo
473 2579 545 2637 ante
567 2574 692 2638 laudavi
707 2578 815 2638 auctor
838 2593 968 2655 graerms
990 2575 1071 2640 hanc
1092 2577 1210 2641 iudicat
1231 2595 1301 2640 esse
1325 2575 1357 2657 (l.
1373 2579 1421 2660 c),
1436 2576 1499 2638 De·

244 2692 441 2756 mosthenem
457 2713 601 2775 asperam
624 2696 779 2776 quandam
796 2699 948 2760 sectatum
966 2715 1036 2760 esse
1059 2697 1243 2778 gravitatem
1262 2715 1298 2760 ac
1311 2697 1420 2776 vigore
1434 2695 1500 2778 ple·

244 2833 326 2892 nam,
353 2815 524 2878 Isocratem
547 2814 681 2876 nitorem
703 2813 925 2894 politissimum
952 2832 1162 2895 numerosque
1188 2813 1300 2877 leniter
1330 2819 1361 2877 et
1391 2814 1499 2878 sedate

244 2935 386 3000 fluentes.
430 2940 523 3017 atque
545 2937 605 3000 tria
625 2935 752 3016 quidem
773 2935 870 2999 verba
884 2935 1037 3000 dissolute
1055 2939 1199 3017 posuisse
1214 2936 1339 3002 videtur
1361 2934 1420 2998 hoc
1437 2954 1500 3000 uno

244 3057 327 3120 loco:
349 3075 421 3136 pan.
444 3058 505 3120 264
528 3047 651 3138 ἐπῄνουν
666 3047 789 3130 ἐζήλουν
804 3048 989 3144 ἐμακάριζον.
1034 3057 1266 3138 Theopompi
1288 3056 1338 3120 vel
1359 3056 1503 3119 Timaei

245 3177 341 3241 verba
363 3177 447 3257 apud
469 3175 672 3240 Plutarchum
691 3177 723 3240 in
739 3176 910 3241 Alcibiadis
932 3178 995 3242 vita
1010 3179 1077 3262 (23)
1096 3177 1159 3259 legi
1173 3181 1286 3258 putant
1304 3174 1354 3259 (cl
1368 3176 1502 3257 Nipper-

247 3297 352 3360 deium
380 3297 413 3359 in
441 3297 574 3376 Nepotis
596 3296 697 3362 Alcib.
721 3300 789 3376 11,2
814 3302 906 3382 sqq.):
929 3290 1101 3382 Ἀλκιβιάδῃ
1130 3291 1165 3360 δὲ
1191 3290 1242 3360 διὰ
1262 3301 1402 3384 χρηστῶν
1430 3287 1503 3360 ἰόντι

247 3419 296 3479 καὶ
328 3421 462 3502 πονηρῶν
494 3413 604 3503 ὁμοίως
636 3411 721 3480 οὐδὲν
751 3411 787 3490 ἦν
819 3417 968 3504 ἀμίμητον
1001 3413 1067 3482 οὐδ’
1103 3409 1343 3496 ἀνεπιτήδευτον,
1376 3413 1440 3478 ἀλλ’
1473 3417 1503 3478 ἐν

247 3531 374 3626 Σπάρτῃ
402 3532 603 3624 γυμναστικὸς
628 3533 752 3612 εὐτελὴς
782 3531 967 3626 σκυθρωπός,
999 3541 1029 3601 ἐν
1051 3537 1155 3621 Ἰωνία
1180 3531 1321 3624 χλιδανὸς
1349 3530 1504 3622 ἐπιτερπὴς

248 3653 389 3747 ῥᾴθυμος.
444 3657 716 3737 Democharis,
746 3660 800 3739 qui
830 3665 897 3723 erat
925 3659 1132 3724 Demostheni
1158 3660 1275 3724 sororis
1303 3657 1394 3736 filius,
1416 3656 1505 3721 cuius

249 3781 372 3845 dicendi
407 3797 506 3861 genus
534 3778 659 3842 mollius
685 3780 912 3860 remissiusque
939 3779 1038 3845 fuisse
1068 3781 1177 3846 Cicero
1206 3779 1302 3844 tradit
1334 3779 1383 3862 (de
1405 3799 1448 3840 οι.
1470 3777 1504 3841 II

248 3905 363 3985 23,95)‚
385 3901 461 3965 haec
488 3903 584 3966 verbe
610 3921 629 3965 a
656 3903 774 3968 Rutilio
797 3904 885 3984 Lupo
912 3900 1085 3966 afferuntur
1112 3902 1195 3984 (12)
1223 3901 1319 3965 latine
1346 3882 1504 3977 conversa,

248 4041 327 4104 quac
343 4022 446 4102 qualia
466 4022 499 4085 in
522 4041 633 4103 graeco
656 4041 801 4088 sermone
822 4023 921 4089 fuisse
935 4024 1100 4089 videantur
1115 4020 1312 4104 significabo:
1335 4021 1379 4095 τίς
1396 4015 1454 4106 γὰρ
1469 4015 1505 4081 ἀν

247 4134 324 4204 τάδε
340 4133 510 4204 συνάπαντα
530 4133 651 4228 πάσχοι,
675 4136 768 4230 φόβον
790 4137 875 4210 νύσον
889 4150 989 4232 γῆρας,
1013 4135 1152 4229 αἰσχύνην
1172 4140 1295 4228 ἀπορίαν
1309 4132 1449 4226 ἀνάγκην,
1463 4130 1505 4202 ῶν

247 4259 316 4324 καθ’
346 4264 374 4323 ἓν
402 4261 529 4325 ἕκαστον
556 4256 673 4352 ἐξαρκεῖ
691 4260 762 4353 πρὸς
783 4260 819 4329 τὸ
842 4258 1029 4344 ἀποδειλιᾶν,
1063 4283 1099 4328 ex
1128 4263 1335 4328 Cleochare
1362 4261 1504 4326 eiusdem

248 4381 358 4445 aetatis
381 4380 504 4445 oratore
526 4383 686 4464 Myrleanc
708 4384 793 4448 idem
816 4388 924 4448 auctor
948 4383 1066 4447 ibidem
1088 4383 1165 4447 haec
1187 4382 1283 4446 verba
1304 4379 1403 4458 affert,
1426 4399 1506 4461 quae

231 4495 281 4566 'et
301 4503 370 4583 ipsa
400 4521 511 4584 graeco
543 4505 681 4568 sermoni
710 4505 855 4569 reddam:
885 4499 966 4565 ἀλλὰ
994 4503 1136 4590 τιμωρίαν
1162 4509 1314 4566 ποιεῖσθαι
1341 4505 1506 4587 τολμῶντα

376 4748 403 4818 1)
424 4749 523 4802 Confer
541 4747 639 4802 Blassii
657 4745 756 4802 librum
776 4747 808 4800 de
819 4746 974 4803 Atticorum
988 4745 1147 4815 eloquentie,
1160 4745 1247 4802 volfl
1259 4744 1310 4814 (ed.
1321 4746 1380 4817 1)p.
1392 4746 1443 4803 148
1450 4761 1508 4818 sqq.
