3410 5408
869 367 910 430 48

262 548 405 626 clamant,
427 549 565 614 incertus
587 548 710 628 haereo,
733 549 789 614 sed
822 567 941 614 morem
973 550 1105 614 latinum
1127 570 1197 615 cum
1226 551 1392 632 peregrino
1421 553 1461 617 ab
1484 572 1521 616 eo

261 669 461 732 coniunctum
477 687 548 733 esse
563 669 696 733 maxime
719 669 914 747 crediderim,
930 689 1001 734 cum
1023 670 1201 752 anaphoras
1222 670 1323 753 figura
1341 673 1442 737 tricoli
1457 674 1520 738 vim

262 785 448 867 aliquotiens
479 805 551 851 eum
581 805 697 868 augere
726 788 857 852 videam.
902 787 1031 852 Catonis
1060 788 1156 869 igitur
1183 789 1243 854 loci
1264 791 1297 854 hi
1324 797 1412 856 sunt:
1445 795 1521 858 ori-

259 909 382 991 pinum
400 907 437 972 fr.
453 909 492 971 33
505 907 573 971 Pet.
596 906 698 982 Libui,
721 909 774 992 qui
795 918 938 992 aquatum
960 919 992 969 ut
1012 907 1155 986 liquatam
1172 911 1308 973 uidentur
1328 913 1382 989 ire,
1396 915 1522 976 securim

260 1039 348 1113 atque
369 1028 466 1090 lorum
487 1029 598 1108 ferunt,
619 1028 716 1111 pelam
738 1051 870 1090 crassum
892 1028 1039 1104 excidunt,
1062 1050 1128 1092 eum
1149 1031 1212 1094 loro
1234 1032 1413 1114 conlipatum
1434 1034 1522 1118 aufe-

261 1159 341 1231 runt,
364 1150 403 1212 79
426 1149 623 1231 compluriens
644 1171 746 1212 eoram
765 1148 871 1214 milites
892 1150 1089 1212 mercennarii
1109 1151 1184 1214 inter
1205 1173 1235 1214 se
1255 1153 1343 1215 multi
1362 1153 1450 1216 alteri
1475 1153 1521 1215 ai·

260 1281 336 1334 teros
357 1271 389 1332 in
412 1271 515 1332 castris
535 1269 675 1343 occidere,
698 1267 896 1348 compluriens
922 1269 1008 1331 inulti
1027 1270 1116 1332 simul
1141 1271 1184 1333 ad
1204 1270 1297 1335 hostes
1323 1273 1520 1356 transfugiam,

262 1390 459 1473 compluriens
479 1391 738 1470 induperatorem
757 1390 898 1471 impetum
913 1391 1028 1472 facere,
1052 1393 1090 1455 97
1105 1389 1237 1475 fluvium
1258 1391 1415 1456 Naronem
1435 1416 1521 1476 map-

261 1534 333 1573 num
361 1511 503 1592 pulcrum
530 1509 737 1590 pisculentum.
799 1510 858 1572 101
889 1510 1047 1571 enercitum
1082 1532 1168 1570 suum
1194 1533 1346 1592 pransum
1373 1523 1521 1594 paratum

262 1629 443 1694 colcortatum
466 1630 566 1692 educit
573 1655 583 1704 ,·
606 1632 810 1693 orationum
831 1627 868 1692 fr.
890 1629 907 1692 I
930 1632 948 1693 6
972 1631 1056 1694 Iord.
1078 1631 1205 1693 laudant
1225 1653 1271 1693 me
1292 1632 1432 1693 marcianis
1454 1631 1521 1694 laa-

262 1752 358 1826 dibus,
380 1761 495 1812 tantum
516 1750 646 1824 nomam,
666 1760 779 1812 tantum
808 1750 975 1826 acercitum,
1008 1763 1121 1813 tontum
1151 1762 1344 1815 commeatum
1368 1774 1428 1814 non
1454 1753 1521 1834 opi·

261 1882 365 1934 natum
394 1892 451 1933 esse
483 1892 659 1955 quemquam
691 1870 838 1933 horninem
869 1893 1046 1953 comparare
1073 1871 1215 1953 potuisse,
1251 1871 1299 1934 IX
1325 1889 1355 1951 p.
1384 1873 1424 1934 41
1457 1872 1522 1956 qru's

261 1993 337 2056 icario
357 1991 571 2067 contumeliam,
594 1991 660 2074 quis
680 1991 733 2054 icoc
755 1992 925 2072 imperium,
948 1992 1013 2075 ques
1034 1991 1110 2054 lanc
1129 1992 1294 2054 seruitutem
1308 1991 1395 2075 ferre
1407 1991 1522 2072 potest?

263 2129 343 2193 quae
364 2129 405 2174 ne
429 2110 538 2175 Cicero
568 2109 694 2190 quidem
725 2110 814 2174 aliter
844 2110 980 2188 dixisset,
1009 2109 1071 2174 nisi
1100 2109 1185 2191 quod
1213 2114 1342 2190 propter
1371 2127 1520 2173 numeros

260 2237 421 2315 postrema
449 2231 546 2297 verba
579 2232 623 2295 sic
652 2231 845 2295 invertisset:
889 2233 954 2314 quis
992 2230 1068 2293 tanc
1090 2231 1178 2314 ferre
1210 2240 1307 2310 potest
1345 2229 1518 2292 servitialem.

262 2357 437 2417 ceterorum
461 2350 674 2432 exemplorum
697 2349 783 2414 locos
800 2348 995 2430 significabo:
1018 2360 1092 2412 orat.
1115 2349 1196 2414 113.
1215 2351 1264 2412 27.
1286 2347 1332 2413 Vl
1350 2349 1377 2411 1.
1398 2346 1479 2412 VIII
1491 2349 1519 2410 3.

261 2471 327 2535 XII
349 2473 378 2556 2.
395 2469 506 2536 XVIII
529 2473 557 2533 2.
581 2507 619 2514 --
645 2467 773 2551 Scipio
797 2467 1004 2533 Africanus
1025 2469 1148 2532 minor
1167 2468 1200 2531 in
1222 2467 1363 2532 oratione
1385 2466 1519 2548 quadam

263 2591 340 2656 dixit
373 2591 455 2654 mata
481 2591 600 2671 probra
624 2589 764 2676 flcpitia
782 2589 875 2672 (Gell.
897 2589 961 2655 VII
985 2590 1046 2673 11).
1068 2625 1107 2636 -
1133 2587 1166 2652 C.
1190 2587 1383 2654 Gracchus
1416 2587 1520 2668 lepide

261 2711 337 2775 haec
359 2710 455 2775 verba
477 2710 665 2791 composuit:
682 2711 817 2791 pueritia
839 2721 890 2772 tua
911 2710 1120 2773 adolescentiae
1146 2719 1213 2772 tuae
1240 2709 1520 2770 irdtonestamentum

254 2832 331 2916 ferit,
357 2831 551 2893 adolescentia
577 2831 714 2892 senectuti
740 2829 1023 2912 dedecoramentum,
1052 2839 1178 2891 senectus
1204 2829 1250 2891 rei
1270 2827 1409 2908 publicae
1422 2825 1519 2912 flapi-

262 2951 349 3030 tiana
374 2955 483 3036 σοφῶς.
510 2987 552 2997 -
581 2949 744 3014 Sisenna
772 2950 804 3013 in
835 2949 975 3012 oratione
1003 2947 1152 3012 historiae
1177 2948 1295 3011 inserta
1318 2947 1411 3008 armis
1440 2947 1520 3030 equis

262 3073 467 3134 commeatibus
489 3067 538 3151 (fr.
562 3071 621 3134 113
645 3070 734 3154 Pet).
757 3107 796 3117 —
821 3069 955 3134 Cicero
977 3074 1169 3150 quantopere
1191 3067 1271 3131 hanc
1290 3065 1423 3148 figuram
1453 3084 1519 3130 sec-

262 3194 346 3254 tatus
370 3191 419 3268 sit,
442 3190 533 3271 pueri
555 3190 674 3270 sciunt3
697 3190 754 3254 sed
776 3209 838 3270 qua
865 3195 931 3254 erat
954 3189 1002 3254 vir
1028 3189 1136 3253 iudicii
1164 3187 1327 3269 elegantia,
1353 3205 1393 3250 ne
1422 3186 1519 3249 nimio

263 3309 331 3372 eius
353 3327 413 3372 usu
435 3309 483 3374 vis
501 3312 595 3389 atque
613 3309 741 3390 pondus
765 3307 988 3386 debilitaretur,
1012 3306 1154 3372 sollerter
1182 3307 1318 3386 cavebat
1348 3325 1420 3371 cum
1450 3325 1518 3386 gra-

263 3429 401 3496 vissimis
422 3447 492 3493 eam
514 3434 647 3510 poneret
667 3429 753 3508 locis,
784 3429 966 3509 repudiaret
990 3427 1039 3491 his
1067 3427 1181 3508 quibus
1208 3425 1338 3492 affectus
1366 3427 1519 3504 iacerent;

261 3568 363 3631 neque
385 3569 425 3614 ne
447 3549 575 3613 nimiam
598 3549 675 3613 artis
697 3549 940 3612 ostentationem
962 3549 1133 3626 audientes
1150 3549 1383 3630 suspicarentur
1403 3547 1519 3627 impro-

261 3670 442 3750 laremque,
463 3670 644 3734 acutissime
671 3669 755 3733 idem
781 3669 967 3754 plerumque
993 3669 1143 3750 providit3
1173 3669 1404 3734 nobilissimum
1428 3667 1519 3764 enim

262 3791 450 3854 Milonianae
472 3790 622 3854 orationis
643 3789 748 3854 locum
770 3790 846 3853 artis
869 3787 1065 3854 affectatione
1087 3789 1243 3870 insignem
1267 3791 1333 3872 (10)
1361 3799 1402 3850 cst
1429 3788 1520 3869 lpum

260 3911 341 3988 llaec,
363 3911 483 3986 iudicas,
506 3931 565 3972 non
586 3910 698 3992 scripta
719 3913 771 3975 sed
792 3922 864 3973 nata
886 3912 941 3987 len,
965 3934 1056 3995 quam
1082 3931 1143 3972 non
1170 3910 1329 3972 didicimus
1355 3909 1521 3990 accepimus

261 4033 390 4114 lepimus‚
404 4052 505 4093 uerum
527 4053 563 4093 eu
582 4041 692 4092 natura
714 4031 781 4113 apsa
804 4032 990 4114 arripuimus
1011 4030 1163 4110 hausimus
1183 4031 1379 4112 capressimus
1401 4047 1426 4092 e.
1444 4047 1471 4110 q.
1486 4047 1519 4106 s,

263 4171 335 4216 eum
358 4151 410 4215 ille
432 4168 534 4231 neque
556 4149 605 4214 his
624 4151 737 4229 verbis,
758 4169 828 4214 cum
848 4169 974 4214 causam
989 4155 1105 4232 ageret,
1123 4150 1163 4214 ad
1179 4150 1300 4214 iudices
1317 4149 1431 4214 dixisse
1449 4167 1520 4212 cen-

262 4271 380 4336 sendus
403 4275 459 4349 est,
482 4288 584 4352 neque
606 4271 683 4352 ipss,
706 4291 776 4336 cum
800 4271 951 4335 iudicium
974 4272 1187 4350 maturuisset,
1211 4271 1287 4335 satis
1310 4270 1463 4351 probavit.
1477 4309 1518 4318 -

261 4393 345 4456 hunc
366 4393 399 4455 in
427 4391 557 4456 modum
585 4392 621 4456 O.
643 4393 851 4472 Antonius,
883 4393 926 4456 M.
947 4393 1041 4456 Tullii
1068 4393 1102 4456 in
1133 4393 1297 4456 consulatu
1324 4390 1518 4471 competitor,

262 4513 351 4593 quasi
383 4513 415 4574 in
450 4511 636 4576 emblemate
675 4512 879 4576 vermiculato
914 4513 1085 4577 tesserulas
1117 4513 1214 4576 verba
1247 4511 1411 4576 collocavit
1443 4510 1520 4576 haee

262 4633 359 4717 (apud
379 4631 601 4710 Quintilianum
623 4634 688 4694 inst.
712 4655 755 4695 or.
779 4631 826 4695 IX
850 4635 948 4715 3‚94):
970 4634 1134 4718 sectaeque
1155 4643 1355 4695 ‹recusatorem
1377 4653 1443 4694 eum
1456 4652 1518 4692 me·

259 4767 319 4828 tuo,
335 4755 415 4838 quod
435 4775 501 4815 sum
521 4754 671 4824 innoceas3
693 4773 785 4836 neque
806 4753 1026 4833 competitorem
1047 4773 1158 4827 uereor,
1181 4752 1262 4836 quod
1283 4774 1349 4813 sum
1363 4751 1519 4827 Antorides,
