3410 5408
755 405 962 502 Aa*

229 590 364 649 auctor
386 587 515 652 libelli
538 589 577 652 de
599 590 791 654 sublimitate
814 595 866 674 (19
884 593 972 676 sqq),
996 592 1084 656 cuius
1100 593 1196 656 verba
1218 598 1328 674 postea
1347 592 1493 672 afferam3

230 705 366 787 denique
393 708 629 772 memorabilem
660 711 745 791 apud
777 712 1024 775 Plutarchum
1056 712 1162 776 inveni
1191 712 1304 790 locum,
1335 712 1390 776 ubi
1419 712 1494 776 talia

229 825 357 889 minime
389 829 600 908 expectabam,
633 829 665 892 in
693 830 924 894 Platonicarum
959 831 1179 911 quaestionum
1219 831 1358 894 decimae
1392 831 1493 910 eapite

229 950 339 1025 quarto
369 948 411 1027 (p.
434 949 578 1011 1010EF
606 949 753 1032 1011Α);
781 941 872 1035 λόγος
901 943 1071 1035 συνδέσμων
1101 942 1316 1038 ἐξαιρεθέντων
1345 942 1492 1024 πολλάκις

228 1065 457 1152 ἐμπαθεστέραν
479 1068 529 1128 καὶ
551 1066 780 1152 κινητικωτέραν
806 1070 869 1152 ἔχει
891 1059 1021 1151 δύναμιν,
1048 1068 1133 1148 quod
1163 1073 1329 1148 postquam
1360 1069 1493 1132 Homeri

230 1188 261 1248 et
290 1184 514 1249 Demosthenis
546 1186 696 1266 exemplis
728 1185 934 1262 confirmavit,
970 1188 1002 1250 in
1032 1186 1095 1250 fine
1123 1188 1211 1251 addit
1239 1187 1330 1250 haee:
1365 1179 1411 1250 διὸ
1443 1189 1494 1249 καὶ

231 1295 344 1390 σφόδρα
363 1299 399 1367 τὸ
423 1295 585 1366 ἀσύνδετον
607 1309 712 1390 σχῆμα
733 1301 813 1392 παρὰ
834 1315 897 1379 τοῖς
917 1305 1025 1391 τέχνας
1047 1298 1208 1393 γράφουσιν
1229 1300 1392 1390 εὐδοκιμεῖ·
1422 1301 1493 1380 τοὺς

229 1415 258 1483 δ’
286 1417 364 1508 ἄγαν
385 1423 525 1508 νομίμους
547 1423 673 1496 ἐκείνους
695 1425 744 1486 καὶ
767 1417 880 1508 μηδένα
903 1417 1065 1510 σύνδεσμον
1087 1427 1121 1487 ἐκ
1142 1429 1199 1500 τῆς
1215 1427 1370 1500 συνηθείας
1392 1425 1492 1512 ἀφιέν-

229 1565 285 1616 τας
307 1537 346 1616 ὡς
368 1537 459 1630 ἀργλν
481 1545 531 1606 καὶ
553 1541 660 1614 ἀπαθῆ
680 1546 730 1606 καὶ
759 1537 883 1615 κοπώδη
907 1551 951 1627 τῷ
979 1539 1185 1632 ἀμεταβλήτῳ
1215 1541 1271 1616 τὴν
1297 1539 1401 1634 φράσιν
1427 1571 1492 1610 ποι·

231 1665 336 1736 οῦντας
357 1667 521 1724 αἰτιῶνται.
567 1664 680 1744 quibus
703 1666 849 1728 omnibus
873 1671 904 1728 et
925 1670 1068 1746 tempore
1088 1671 1120 1729 et
1134 1667 1320 1730 auctoritate
1342 1665 1491 1729 Aristo-

230 1781 328 1846 teles
351 1783 479 1860 excellit,
503 1785 554 1863 qui
579 1785 654 1848 artis
677 1785 850 1850 rhetoricae
873 1786 952 1850 libro
968 1787 1019 1849 ΙΙΙ
1043 1788 1080 1867 (c.
1095 1789 1142 1850 11.
1166 1787 1326 1850 1413ο29
1350 1789 1428 1870 sqq.)
1453 1787 1492 1850 de

230 1902 373 1982 asyndeti
395 1903 426 1966 vi
448 1923 485 1966 ae
506 1910 617 1967 natura
645 1905 727 1969 clare
750 1907 927 1986 disputavit.
982 1908 1021 1970 de
1049 1907 1108 1971 hac
1136 1908 1232 1988 igitur
1260 1906 1370 1986 figura,
1398 1925 1491 1987 quam

231 2022 320 2100 quasi
342 2040 474 2102 regnare
496 2024 580 2104 apud
601 2025 754 2106 plurimos
770 2027 934 2108 utriusque
949 2027 1075 2108 linguae
1091 2033 1235 2090 auctores
1251 2031 1380 2104 constat,
1396 2025 1490 2107 paulo

230 2139 359 2203 uberius
382 2159 465 2205 nune
488 2143 649 2223 disputare
671 2145 755 2222 libet,
771 2146 827 2209 sed
844 2146 883 2209 de
904 2145 962 2210 hac
977 2147 1111 2210 maxime
1134 2146 1277 2226 asyndeti
1293 2146 1397 2227 speeie
1412 2165 1491 2226 quae

229 2260 357 2340 proprie
381 2261 501 2340 dicitur,
525 2281 585 2342 qua
609 2265 700 2345 plura
723 2266 882 2342 vocabula,
906 2267 972 2331 sive
995 2285 1032 2330 ea
1055 2273 1129 2330 sunt
1150 2267 1277 2330 nomina
1302 2266 1367 2330 sive
1390 2267 1491 2330 adiee-

233 2379 298 2444 tiva
331 2381 397 2444 sive
427 2381 532 2460 verba,
568 2383 704 2464 demptis
739 2384 1010 2448 coniunctionibus
1040 2385 1126 2448 aliud
1162 2385 1214 2448 alii
1244 2386 1334 2467 quasi
1360 2385 1491 2467 affigun-

230 2504 290 2564 tur.
335 2501 391 2564 sed
413 2501 480 2564 eius
509 2499 705 2564 adhibendae
734 2500 854 2582 figurae
885 2519 1008 2565 summa
1038 2502 1086 2566 lex
1115 2503 1192 2567 haee
1220 2501 1288 2581 fuit,
1318 2521 1358 2566 ne
1380 2504 1493 2584 iugens

230 2619 482 2698 indiscretusquc
502 2619 726 2684 vocabulorum
749 2639 901 2684 numerus
932 2621 1024 2684 molis
1054 2622 1151 2685 instar
1180 2623 1355 2703 indigestae
1385 2643 1493 2687 eumu-

230 2740 356 2817 laretur,
380 2739 436 2802 sed
458 2744 494 2801 ut
515 2746 599 2802 certa
622 2739 774 2819 quaedam
799 2744 830 2802 et
851 2739 892 2802 ad
908 2739 1048 2820 regulam
1064 2744 1171 2802 exacta
1186 2741 1355 2804 multitudo
1371 2742 1492 2805 ambitu

231 2858 465 2939 circumscripto
486 2863 665 2939 poneretur.
709 2877 781 2921 nam
806 2859 905 2922 sicubi
928 2860 1012 2940 apud
1036 2860 1204 2941 scriptores
1234 2861 1355 2942 copiam
1380 2880 1493 2926 vocum

230 2998 293 3042 non
320 2983 462 3043 accurate
500 2978 677 3042 distinctam
713 2978 769 3041 sed
797 2979 903 3058 inepte
938 2984 1158 3060 exaggeratam
1188 2981 1343 3057 invenies,
1374 2999 1428 3044 eos
1459 2985 1494 3044 tu

232 3099 401 3178 scriptores
435 3098 513 3160 scito
548 3116 584 3160 ex
619 3099 809 3178 optimorum
840 3104 1002 3162 auctorum
1033 3119 1166 3164 numero
1201 3120 1272 3165 esse
1302 3103 1493 3166 eximendos.

230 3236 312 3295 nam,
343 3222 378 3281 ut
407 3217 548 3298 exempla
577 3219 729 3298 quaedam
764 3217 901 3298 afferam,
935 3221 961 3284 is
995 3221 1048 3301 qui
1078 3221 1346 3303 Xenophontis
1378 3242 1492 3286 nomen

230 3335 352 3400 furatus
369 3335 510 3398 libellum
527 3337 565 3400 de
580 3338 746 3401 venatione
762 3339 945 3419 composuit,
967 3358 1037 3403 cum
1061 3359 1085 3404 e.
1101 3343 1119 3404 3
1142 3341 1219 3406 haee
1235 3343 1357 3406 scribit:
1379 3345 1492 3431 χείρους

231 3449 266 3518 δὲ
288 3457 337 3518 καὶ
358 3455 476 3529 πλείους
498 3461 527 3516 ed
549 3443 663 3517 τοιαίδε
686 3447 808 3540 (adverb
831 3458 939 3542 μικραί,
960 3458 1076 3543 γρυπαί,
1096 3460 1231 3546 χαροποί,
1251 3461 1376 3546 μυωποί,
1401 3465 1493 3531 σκλη-

230 3577 284 3662 ραί,
310 3573 455 3650 ἀσθενεῖς,
487 3573 579 3660 ψιλαί,
607 3569 726 3660 ὑψηλαί,
758 3567 948 3662 ἀσύμμετροι,
979 3572 1098 3663 ἀψυχοι,
1129 3573 1246 3666 ἀρρινες,
1277 3578 1332 3642 οὐκ
1361 3574 1493 3660 εὕποδες,

232 3696 362 3775 eiusque
385 3695 509 3776 generis
531 3695 631 3759 multa
660 3714 678 3758 a
707 3695 958 3760 Radermachero
988 3717 1089 3779 nuper
1118 3699 1247 3764 collecta
1277 3703 1370 3780 (mus.
1393 3701 1492 3774 Rhen.

232 3815 274 3878 LI
295 3834 322 3878 a.
347 3816 428 3878 1896
451 3833 480 3895 p.
504 3816 564 3878 603
588 3817 655 3900 sq),
684 3832 777 3894 quam
809 3815 850 3878 sit
871 3815 991 3880 alienus
1020 3837 1039 3880 a
1067 3823 1152 3882 tersa
1181 3819 1400 3901 Xenophontis
1430 3821 1491 3885 ele·

233 3934 346 4015 gantia,
367 3933 543 3998 luculenter
565 3935 633 4016 ipse
656 3935 860 4000 demonstrat.
904 3955 1005 4016 neque
1033 3946 1118 4001 reete
1145 3939 1172 4002 is
1205 3941 1258 4020 qui
1280 3941 1492 4004 Alexandrina

231 4074 324 4136 quam
347 4075 497 4120 vocamus
519 4062 621 4121 aetate
651 4055 869 4120 Salomonis
899 4057 1129 4138 sapientiam
1161 4061 1353 4141 conseripsit,
1384 4079 1493 4141 quam·

232 4194 326 4256 quam
342 4175 468 4258 liuguae
487 4179 594 4258 vigore
617 4183 648 4242 et
673 4178 811 4259 puritate
835 4179 946 4242 ceteris
969 4179 1095 4242 Iudaeis
1119 4181 1383 4260 graecissantibus
1405 4201 1494 4262 prae-

231 4300 300 4374 stat,
330 4296 467 4376 plurima
497 4296 573 4360 haee
605 4297 787 4362 cumulavit:
823 4301 902 4360 ἔστιν
923 4293 978 4385 γὰρ
1009 4301 1039 4361 ἐν
1060 4297 1140 4384 αὐτῇΙ
1172 4301 1223 4384 (τῇ
1247 4302 1350 4388 σοφίᾳ)
1377 4309 1493 4388 πνεῦμα

230 4406 336 4502 νοερόν,
358 4414 451 4502 ἅγιον,
475 4416 638 4502 μονογενὲς,
659 4417 830 4504 πολυμερὲς,
853 4409 973 4496 λεπτόν,
997 4417 1156 4502 εὐκίνητον,
1178 4413 1293 4509 τρανον,
1315 4413 1492 4506 ἀμόλυντον,

231 4535 331 4622 σαφές,
355 4528 539 4622 ἀπήμαντον,
564 4527 744 4622 φιλάγαθον,
767 4528 829 4616 ὀξύ,
853 4529 1021 4618 ἀκώλυτον,
1053 4533 1247 4626 εὐεργετικόν,
1270 4533 1490 4630 φιλάνθρωπον,

232 4655 357 4737 βέβαιον,
375 4653 521 4741 ἀσφαλές,
545 4653 710 4742 ἀμέριμνον,
729 4647 965 4741 παντοδιίναμον,
989 4659 1206 4722 πανεπίσκοπον
1233 4659 1283 4740 (cf.
1310 4664 1399 4739 1435
1423 4663 1492 4745 sq),

232 4793 366 4855 quorum
390 4775 505 4839 similia
527 4775 627 4839 multa
648 4774 743 4838 habet
764 4774 905 4839 Paulus
932 4778 1138 4855 apostolus
1168 4819 1208 4826 -
1239 4797 1492 4860 quemquamne
