3410 5408
794 415 833 479 35

189 599 287 663 immo
314 599 407 664 feros
429 600 601 664 masculine
632 601 709 665 dixit
735 607 899 684 poetarum
922 621 1108 682 sermonem,
1130 607 1166 666 ut
1194 602 1282 681 solet,
1310 604 1445 678 secutus,

191 737 262 782 cum
277 717 352 784 feris
368 723 472 784 autem
489 719 598 785 beluas
621 722 732 786 eodem
747 723 842 786 modo
858 723 1017 786 coniunxit
1031 742 1092 803 quo
1108 722 1265 787 Pacuvius
1287 720 1324 784 fr.
1341 720 1445 784 303R.

186 837 286 900 beluae
307 859 344 900 ae
358 838 455 922 serae.
500 839 556 904 sed
586 845 733 922 corrupta
761 845 835 906 sunt
864 859 943 922 quae
972 841 1120 921 leguntur
1147 859 1172 905 o.
1195 844 1243 919 5‚3
1272 843 1371 925 itaque
1398 841 1445 902 ia-

188 957 373 1040 dipnonelum
400 958 532 1020 erunibus
563 959 799 1021 indolescendum
825 971 865 1022 est
897 960 1006 1022 cudere
1035 962 1180 1044 quosdam
1203 979 1228 1024 0.
1248 979 1277 1042 q.
1299 979 1332 1038 s,
1366 978 1446 1040 quae

188 1073 349 1139 Vahlenus
372 1074 605 1156 elegantissima
626 1078 804 1142 coniectura
825 1079 870 1142 ita
891 1079 1090 1143 restituebat:
1111 1081 1328 1162 indipnandum
1350 1081 1450 1142 orent·

188 1194 249 1272 dua,
277 1196 486 1274 <omnib2u>
512 1198 750 1261 indolescendum
772 1211 820 1278 est,
843 1199 957 1263 mirum
981 1200 1141 1280 quoddam
1162 1200 1293 1264 Minucii
1320 1203 1446 1264 secutus

189 1314 340 1378 orationis
356 1333 464 1395 genus,
480 1335 542 1397 quo
564 1317 617 1381 ille
632 1318 758 1400 saepius
774 1337 851 1384 usus
874 1324 923 1384 est
944 1323 979 1384 ut
993 1339 1017 1384 c.
1033 1322 1120 1398 22‚1:
1149 1321 1302 1383 considera
1325 1319 1448 1402 denique

187 1455 274 1495 saera
295 1435 378 1516 ipsa
407 1447 433 1499 er
459 1437 543 1519 ipsa
569 1440 724 1521 myrteam
752 1444 847 1520 atque
874 1440 984 1504 eadem
1013 1441 1053 1504 de
1082 1459 1177 1504 causa
1203 1459 1283 1520 quae
1308 1441 1340 1503 in
1366 1439 1446 1504 libro

98 1589 105 1606 ·
186 1553 402 1635 manuscripto
425 1557 542 1620 omissa
565 1562 639 1622 sunt
659 1558 756 1622 verba
771 1578 795 1623 c.
816 1561 864 1637 5,1
888 1571 986 1641 utpote
1007 1582 1075 1622 cum
1096 1560 1250 1641 dilipeeter
1271 1561 1303 1622 ιἰι
1323 1570 1447 1643 utroque

186 1673 304 1736 uiuendi
321 1695 425 1756 periere
447 1687 576 1739 versatus
597 1679 769 1759 reported-iaris
791 1679 927 1754 alterum,
960 1679 1162 1760 <alterutras
1190 1680 1394 1761 comprobaris
1416 1683 1449 1742 et

188 1811 213 1856 0.
223 1795 293 1870 24,2
315 1816 442 1877 quorum
462 1797 537 1858 νίίιιε
551 1797 578 1858 ai
593 1819 778 1878 percenseat,
796 1799 924 1862 ridendo
939 1822 1031 1882 quum
1050 1799 1152 1876 inulto,
1173 1808 1300 1882 <quom
1311 1799 1442 1874 multa>

188 1913 276 1974 etiem
296 1913 467 1976 miseranda
488 1927 563 1993 sunt,
585 1915 697 1980 horum
718 1917 806 1998 prius
833 1918 872 1982 ab
902 1918 1022 1982 editore
1044 1917 1193 2000 principe,
1221 1917 1379 1998 posterius
1407 1917 1446 1980 ab

189 2031 380 2096 Hermanno
401 2035 575 2115 repositum
598 2041 655 2101 est.
698 2056 888 2119 quamquam
916 2038 970 2102 illo
993 2039 1032 2102 de
1055 2057 1117 2119 quo
1146 2038 1249 2119 agitur
1274 2037 1343 2102 loco
1365 2037 1448 2102 Vah-

191 2152 254 2216 leni
276 2154 487 2218 coniecturam
509 2173 572 2220 non
595 2175 702 2222 veram
724 2158 828 2222 iudico
856 2176 934 2236 esse,
957 2176 1030 2221 nam
1058 2176 1129 2222 cum
1153 2157 1302 2222 Octavius
1329 2176 1354 2221 c.
1379 2159 1448 2235 16,6

188 2273 266 2354 ipsis
287 2273 349 2338 illis
373 2273 498 2338 Caecilii
520 2277 625 2340 verbis
647 2277 748 2340 allatis
770 2277 844 2340 nillil
866 2279 964 2362 itaqree
978 2278 1196 2358 indiortondum
1214 2277 1269 2340 uel
1291 2276 1450 2339 dolendum

188 2393 277 2472 (licat,
299 2393 353 2458 illo
376 2413 500 2476 quoque
521 2395 591 2459 loco
611 2397 829 2479 iodlpnenelum
851 2398 984 2460 omnibus
1015 2397 1104 2475 <er,
1126 2395 1156 2460 h.
1173 2414 1198 2460 e.
1220 2395 1308 2474 ιιί,>(
1322 2395 1449 2458 indoles-

189 2514 312 2577 cendum
335 2525 374 2576 est
397 2514 597 2579 scribendum
620 2533 690 2579 esse
712 2516 817 2596 potius
840 2516 1035 2580 crediderim.

316 2634 350 2718 b)
383 2634 521 2697 Transeo
542 2634 582 2698 ad
602 2635 776 2721 τρίκωλα,
796 2653 876 2716 quae
892 2637 1088 2717 serpentino
1102 2634 1198 2698 latine
1214 2633 1350 2714 appellat
1364 2635 1449 2714 apud

193 2753 329 2819 Gellium
358 2755 452 2836 (XIII
476 2758 580 2840 2522)
607 2756 795 2833 Favorinus
823 2758 966 2838 teriupa
996 2755 1149 2820 vocabulo
1177 2773 1254 2818 usus
1281 2772 1345 2816 non
1373 2755 1449 2818 satis

190 2874 318 2954 antiquo
339 2879 448 2938 auctor
470 2874 616 2938 carminis
639 2874 678 2938 (10
700 2872 810 2955 figuris
832 2894 860 2939 v.
885 2875 945 2937 145
969 2891 1035 2954 sqq.
1079 2891 1188 2936 eorum
1218 2871 1371 2935 rationem
1400 2871 1449 2934 his

190 2993 325 3056 maxime
346 2996 488 3056 veterum
511 2993 699 3057 testimoniis
722 2993 834 3057 disseri
855 2993 994 3057 invenio:
1017 2992 1252 3058 Aristoteles
1280 2995 1357 3057 artis
1379 2993 1450 3056 rhe-

189 3113 305 3176 toricae
327 3113 378 3175 III
403 3115 451 3176 12.
475 3115 555 3176 1413
570 3114 618 3177 b3
642 3132 708 3195 sqq.
730 3113 873 3195 asyndeti
894 3111 1029 3193 figuram
1051 3118 1156 3193 aptam
1179 3131 1249 3177 esse
1272 3114 1348 3177 dicit
1367 3114 1449 3178 veris

190 3231 427 3310 certaminibus,
454 3233 626 3314 improbari
652 3234 685 3296 in
715 3234 760 3298 010
789 3233 937 3313 operibus
967 3251 1047 3314 quae
1074 3233 1200 3313 legendi
1229 3234 1450 3298 recentandive

190 3369 284 3416 eausa
312 3355 554 3432 componantur3
585 3351 710 3417 affectui
744 3353 828 3416 enim
854 3352 940 3416 illam
971 3352 1089 3416 servire
1116 3356 1210 3432 atque
1242 3355 1364 3432 actioni,
1393 3355 1450 3418 sed

192 3473 314 3537 actione
343 3490 417 3538 vera
444 3473 659 3553 concitataque
689 3473 869 3537 destitutam
898 3473 1032 3553 turpiter
1053 3473 1163 3536 iacere.
1213 3475 1302 3538 cuius
1331 3473 1450 3555 figurae

191 3615 272 3678 quae
295 3593 387 3660 affert
408 3595 558 3676 exempla,
581 3614 618 3658 ea
640 3596 737 3660 ternis
760 3600 905 3660 constant
926 3596 1089 3659 membris:
1111 3588 1228 3680 (ἶλθζον
1254 3584 1450 3664 &sioraco

192 3707 350 3802 ἐδεόμην
377 3720 410 3779 et
436 3708 552 3786 ἦλθον
585 3709 785 3802 διελέχθην
815 3717 992 3780 ἱκέτευσα.
1038 3715 1249 3798 Dionysius
1280 3715 1320 3778 (10
1350 3732 1449 3795 comp.

191 3837 276 3902 verb.
299 3838 327 3914 9,
349 3836 405 3899 ubi
425 3835 464 3899 de
487 3835 532 3900 010
553 3834 664 3917 figuris
686 3837 821 3918 exponit,
844 3837 959 3917 quibus
982 3837 1072 3917 quasi
1089 3835 1327 3916 complementis
1344 3835 1451 3922 (παρα-

191 3946 384 4043 πληρώμασι)
412 3956 583 4036 assumptis
612 3956 711 4020 oratio
739 3961 876 4035 ornetur,
904 3946 1109 4043 1οτρικώλῳ
1136 3955 1233 4020 verba
1258 3953 1332 4018 facit
1359 3953 1451 4018 haec:

192 4076 222 4138 τί
244 4067 279 4136 δὲ
303 4067 341 4144 δὴ
364 4069 402 4136 τὸ
423 4073 487 4162 παρ’
515 4075 637 4161 Αἰσχίνη
658 4067 820 4162 λεγόμενον
843 4078 930 4140 τουτί
950 4070 968 4092 “
980 4073 1054 4138 Ἐπὶ
1070 4071 1180 4140 σαυτὸν
1195 4080 1304 4156 καλεῖς,
1321 4077 1368 4138 ἐπὶ
1382 4071 1452 4150 τοὺς

192 4186 298 4280 νόμους
318 4197 427 4272 καλεῖς,
450 4194 497 4256 ἐπὶ
517 4189 573 4264 τὴν
595 4187 798 4282 δημοκρατίαν
820 4191 940 4271 καλεῒς”
966 4197 1113 4283 τρίκωλον
1135 4199 1165 4259 ἐν
1186 4207 1249 4270 τοῖς
1270 4188 1345 4259 πάνυ
1367 4198 1451 4259 ἐπαι-

193 4304 331 4400 νούμενον
353 4311 420 4397 οὐχὶ
441 4318 496 4386 τῆς
518 4311 611 4387 αὐτῆς
633 4306 712 4388 ἰδέας
734 4317 851 4398 ἔχεται;
874 4312 889 4375 ό
911 4309 968 4401 γὰρ
996 4306 1055 4376 οἷόν
1087 4306 1153 4384 τ’ἦν
1185 4317 1225 4377 ἑνὶ
1253 4305 1344 4394 κοίλῳ
1373 4337 1452 4402 περι-

191 4439 347 4520 ληφθῆναι
366 4425 455 4496 τόνδε
477 4429 531 4496 τὸν
551 4426 660 4521 τρόπον
679 4428 782 4496 “'Errl
803 4429 929 4497 σεαυτὸν
954 4429 1095 4508 καὶτοὺς
1117 4425 1223 4519 νόμους
1245 4436 1295 4496 καὶ
1318 4429 1373 4504 τόν
1399 4427 1452 4506 δη-

195 4553 357 4640 μοκρατίαν
378 4552 514 4634 καλεῖς’,
530 4559 623 4617 τοῦτο
640 4561 679 4630 εἰς
699 4557 765 4642 τρία
781 4547 926 4643 διείρηται,
941 4560 1007 4627 τῆς
1032 4553 1148 4628 αὐτῆς
1168 4548 1306 4630 λέξεως
1328 4555 1366 4616 οὐ
1388 4561 1452 4617 τοῦ

194 4672 394 4760 ἀναγκαίου
417 4672 523 4738 ἕνεκα
543 4681 611 4740 τοῦ
634 4669 674 4738 δὲ
693 4669 789 4747 ηδίω
811 4679 971 4744 ποιῆσαι
991 4669 1056 4744 τὴν
1079 4670 1251 4760 ἁρμονίαν
1271 4666 1453 4748 πολλάκις

194 4795 382 4868 τεθείσης·
406 4797 469 4857 καὶ
491 4786 673 4882 πρόσεστι
694 4789 818 4871 πάθος
839 4798 892 4874 τῷ
914 4784 1030 4876 λόγῳ,
1059 4793 1095 4858 cf.
1119 4795 1158 4858 (10
1173 4795 1270 4858 Isocr.
1293 4797 1342 4858 20.
1384 4795 1453 4858 Fa·

1238 4921 1270 4972 3*
