3410 5408
861 422 879 482 6

240 608 376 672 litteram
399 608 537 672 Minucio
560 614 684 688 gratum
703 613 930 689 acceptumque
945 611 1020 684 erat,
1043 626 1113 671 cum
1135 608 1271 690 aliquem
1295 607 1413 672 diceret
1433 624 1503 671 esse

241 726 414 790 Plautinae
443 727 626 808 prosapiae,
653 727 820 808 pistorum
853 726 1082 817 praecipuum,
1112 731 1319 808 postremum
1350 727 1503 809 philoso-

225 841 385 928 phorum.
429 847 485 911 sed
516 845 643 910 homine
673 846 838 910 Plautinae
867 846 1032 927 prosapiae
1059 848 1134 928 quid
1160 847 1234 912 fiet?
1266 853 1395 932 propter
1420 848 1504 912 hunc

242 967 326 1030 enim
351 966 522 1030 Schanzius
544 966 697 1046 ingentes,
721 971 756 1030 ut
778 966 897 1030 comico
921 971 991 1030 utar
1007 967 1113 1048 verbo,
1135 969 1276 1034 turbelas
1299 969 1394 1034 dedit.
1428 968 1503 1049 quid

243 1085 349 1150 enim?
377 1090 413 1148 nt
434 1087 543 1165 paucis
573 1085 757 1150 concludam
788 1087 873 1168 quod
899 1086 1007 1151 multis
1034 1085 1087 1150 ille
1115 1089 1272 1170 exposuit:
1308 1087 1439 1152 Octavio
1464 1123 1503 1134 --

243 1205 321 1270 haec
349 1207 431 1270 enim
454 1205 520 1271 fere
541 1207 594 1271 illc
616 1249 656 1257 -
682 1225 752 1271 oum
775 1206 889 1270 Plauto
917 1225 975 1270 nec
1001 1224 1052 1270 res
1083 1227 1141 1272 nec
1167 1209 1255 1287 ratio,
1283 1207 1380 1271 misso
1407 1206 1504 1287 igitur

244 1326 389 1404 Octavio,
427 1345 519 1407 quem
557 1327 709 1409 insipiens
745 1327 852 1391 nescio
890 1327 961 1408 quis
1001 1328 1086 1408 turpi
1125 1328 1366 1410 interpolatione
1399 1324 1504 1389 verbis

241 1445 420 1524 inculcavit,
451 1467 509 1529 pro
543 1449 603 1513 hoc
640 1448 861 1529 intellegamus
895 1449 1101 1527 Frontonem,
1135 1448 1308 1526 hominem,
1342 1451 1378 1510 ut
1414 1443 1504 1526 pueri

242 1567 360 1644 sciunt,
398 1567 655 1648 plautinotatnm‚
691 1587 785 1650 quem
820 1572 929 1632 contra
964 1566 1158 1633 Christianos
1193 1569 1331 1633 nobilem
1367 1564 1504 1630 edidisse

242 1687 417 1750 orationem
449 1707 485 1752 ex
520 1689 659 1754 Minucio
688 1689 758 1770 ipso
793 1691 926 1752 constat.
980 1688 1042 1751 iam
1074 1708 1149 1753 vero
1182 1689 1278 1754 debili
1311 1689 1371 1752 hoc
1400 1685 1504 1768 posito

243 1807 450 1873 fundamento
473 1814 576 1873 cetera
603 1810 656 1873 ille
684 1807 874 1888 superstruit
901 1808 1105 1872 munimenta.
1152 1829 1246 1891 ergo
1276 1849 1313 1857 --
1345 1809 1390 1872 sic
1419 1806 1503 1870 enim

241 1929 346 2010 pergit
367 1965 409 1974 —
436 1929 484 1993 his
507 1929 611 1994 verbis
639 1930 744 2013 ecquid
765 1929 807 1990 ad
828 1927 899 1990 lacco
924 1930 1013 1991 audet
1040 1928 1212 2016 [Octavius]
1233 1931 1320 1994 dorrro
1345 1929 1503 1991 Plautinae

240 2050 403 2130 prosapiae
422 2049 614 2114 Frontonem
637 2050 670 2112 in
691 2053 848 2113 certamen
863 2053 962 2127 vocat,
985 2066 1077 2129 ergo
1099 2051 1217 2114 Fronto
1237 2051 1401 2114 etiamtum
1424 2046 1505 2110 inter

245 2167 333 2232 vivos
356 2169 447 2233 vivus
469 2170 659 2247 ambulabat,
682 2187 772 2249 ergo
797 2167 982 2232 Octavius
1006 2167 1181 2250 dialogus
1204 2171 1396 2235 Frontone
1417 2165 1505 2231 viro

244 2290 416 2370 scriptus
436 2294 501 2354 est.
533 2289 713 2354 baccillum
734 2288 839 2353 omnia
856 2305 931 2352 cave
951 2288 1061 2353 credas
1081 2291 1275 2370 argumentis
1297 2288 1506 2364 confirmasse,

244 2410 300 2473 sed
326 2411 496 2491 grandibus
516 2427 610 2473 usum
628 2427 698 2474 esse
721 2407 800 2472 scito
815 2407 921 2471 verbis
937 2407 1024 2472 velut
1038 2408 1175 2473 hisce-
1196 2429 1299 2492 neque
1314 2409 1346 2473 in
1362 2422 1507 2472 sermone

242 2531 340 2596 latino
359 2531 493 2596 barbara
504 2527 651 2610 posuisse
663 2528 849 2592 erubescam
861 2526 1014 2592 vocabula
1028 2548 1082 2592 —:
1099 2529 1207 2605 ‚‚Aocb
1221 2529 1301 2592 aiclat
1313 2530 1366 2592 der
1382 2526 1508 2590 Schot-

243 2665 299 2716 tco
316 2653 411 2714 circes
428 2649 604 2733 Zwet'fcis
620 2649 656 2710 iat
669 2649 804 2731 popedon,
821 2670 849 2711 es
864 2649 900 2710 ist
915 2649 970 2711 doe
980 2649 1057 2712 Bito
1072 2649 1122 2713 dos
1136 2649 1182 2713 M.
1192 2650 1346 2715 Cornelios
1364 2649 1508 2711 Fronto.“

243 2773 337 2849 „Alte
351 2771 435 2854 htpc
451 2791 561 2851 posaeo
583 2769 644 2852 auf
661 2768 712 2831 ilo
726 2769 790 2831 uad
805 2792 887 2832 aroer
909 2793 968 2832 rior
989 2771 1049 2855 ates
1060 2770 1142 2832 ilua.“
1187 2771 1289 2846 „Siod
1304 2770 1381 2832 diesc
1397 2769 1509 2830 Ercori-

241 2916 356 2978 9oapcn
378 2890 494 2972 riclam,
511 2890 583 2952 aad
604 2891 654 2952 sie
675 2900 814 2954 meissen
835 2890 973 2973 ricbtip
993 2891 1083 2972 aeia,
1099 2912 1130 2953 ao
1147 2891 1254 2973 crpiebt
1268 2889 1330 2953 siclt
1344 2889 1397 2951 mit
1416 2885 1510 2948 Noto-

242 3014 416 3096 wendr'pkcit
431 3011 479 3074 die
491 3009 771 3094 Scldussfolpcrunp
793 3029 819 3075 θ.
832 3031 860 3092 q.
872 3030 896 3076 s.
933 3010 1024 3087 „Der
1036 3009 1173 3072 Irrtltum
1187 3011 1225 3073 ist
1245 3010 1329 3074 leielt
1344 3005 1510 3088 erleirtrldh,

243 3135 399 3216 urcraipcr
415 3129 621 3196 catalectici
642 3131 693 3194 ist
715 3154 748 3195 cs
763 3133 937 3215 decepto,
951 3132 1015 3193 wic
1037 3131 1094 3194 eia
1109 3131 1248 3194 solodor-
1263 3128 1425 3192 Irrttum
1440 3124 1510 3190 siclt

245 3253 352 3316 durch
381 3249 661 3316 Jabrduodcrtc
686 3252 880 3336 forterbeo
916 3253 988 3315 arad
1020 3251 1083 3314 wie
1116 3252 1277 3315 dersetbe
1310 3270 1419 3330 sopor
1453 3246 1510 3308 dic

243 3373 586 3458 scharfsioat'qatem
602 3370 795 3437 Gelelrrten
810 3372 881 3456 auf
891 3371 1047 3453 Abwepe
1058 3371 1196 3456 fddrcn
1211 3371 1374 3434 locante.“
1396 3367 1508 3432 horum

245 3493 359 3558 similia
384 3493 501 3574 ubique
525 3493 618 3558 obvia
640 3501 722 3571 sunt,
746 3491 801 3557 sed
823 3493 856 3556 in
878 3493 940 3558 fine
963 3493 1184 3576 disputationis
1202 3489 1389 3553 ἀντιθέσεων
1410 3485 1511 3551 forma

245 3615 335 3696 quasi
368 3613 447 3678 alter
483 3613 610 3694 quidam
639 3614 779 3678 Marcion
813 3614 921 3692 utitur,
953 3615 1067 3696 quibus
1099 3615 1132 3677 in
1166 3610 1337 3676 sententias
1370 3608 1509 3673 unorum

247 3735 518 3836 sanctissimorum
542 3740 574 3797 et
596 3734 880 3798 eruditissimorum
901 3736 1085 3800 auctoritate
1100 3734 1195 3816 vulgo
1216 3734 1359 3812 receptas
1375 3727 1510 3810 graviter

245 3844 420 3921 'avehatuc
464 3859 496 3917 at
523 3857 597 3917 sunt
625 3853 705 3932 illae,
727 3853 804 3917 mihi
831 3855 933 3933 crede,
962 3861 1018 3930 τῆς
1043 3845 1235 3941 ψευδωνύμου
1262 3842 1401 3939 γνώσεως
1429 3846 1510 3909 ἀντι-

247 3977 355 4051 θέσεις.
407 3976 463 4040 sed
491 3975 574 4039 enim
602 3975 726 4056 singula
748 3994 828 4057 quae
850 3977 940 4057 quasi
962 3976 1024 4040 tela
1046 3975 1141 4039 mittit
1167 3971 1337 4056 opprobria
1358 3968 1510 4052 repellere

246 4099 397 4180 taedet¹):
419 4095 659 4160 fundamentum
681 4097 786 4177 ipsum
810 4116 904 4178 quam
928 4097 968 4161 sit
989 4101 1082 4178 putre
1105 4115 1175 4161 cum
1204 4096 1336 4173 evicere,
1366 4091 1510 4158 tibicines

247 4219 288 4283 ad
311 4217 552 4282 sustentandum
575 4236 655 4298 opus
678 4217 854 4298 interpositi
884 4220 1064 4298 tectumque
1093 4222 1125 4281 et
1151 4217 1255 4299 ipsum
1283 4215 1364 4281 male
1391 4217 1510 4278 sartum

248 4343 360 4420 sponte
391 4342 547 4402 corruent.
595 4339 670 4419 quid
700 4338 805 4400 enim?
838 4336 1026 4400 hominem
1061 4337 1269 4402 Plautinae
1306 4332 1510 4417 prosapiae

248 4458 416 4540 proverbio
450 4458 614 4522 tritissimo
648 4457 894 4538 intellegendum
924 4475 994 4522 esse
1028 4458 1268 4522 causidicum
1295 4457 1358 4520 iam
1389 4458 1511 4518 veteres

373 4732 401 4798 l)
421 4731 462 4786 Cf.
482 4733 564 4786 etiam
585 4748 652 4801 qnae
671 4733 765 4784 contra
783 4731 942 4785 Schanzium
962 4731 1088 4786 disseruit
1112 4733 1249 4788 Carolus
1263 4731 1409 4800 Weyman
1430 4728 1510 4796 (Beil.

249 4836 270 4873 z.
290 4819 406 4888 Allgam.
424 4819 488 4873 Zeit⁴
511 4821 577 4876 1895
596 4838 620 4872 n.
637 4820 711 4887 120),
730 4819 770 4871 vir
787 4818 883 4872 harum
903 4835 991 4872 rerum
1010 4819 1197 4890 peritissimus.
