3410 5408
815 407 848 470 -5

206 599 288 659 tator
310 595 467 659 Martinus
489 592 668 676 Schanz¹)
696 597 817 656 ceteros
847 609 958 654 omnes
986 580 1190 672 καταβάλλειν
1217 593 1325 652 certus
1352 589 1473 670 sibique

207 715 276 796 ipse
298 714 435 779 frontem
458 713 628 777 redimIens
649 713 766 776 laurea.
808 729 912 792 neque
932 728 992 792 ego
1014 729 1099 774 nunc
1119 709 1267 774 luctatori
1289 709 1343 772 isti
1365 713 1473 773 contra

207 834 290 900 ferre
316 853 445 900 manum
469 833 615 897 verebor:
643 803 690 896 sic
720 831 804 895 enim
835 835 948 908 statuo,
976 849 1047 894 eum
1078 830 1134 910 qui
1162 829 1241 894 alios
1271 828 1473 910 supplantare

207 959 338 1020 conatur
360 955 473 1036 quovis
495 953 591 1017 modo
615 951 713 1033 gradu
738 969 808 1016 esse
831 951 1072 1016 demerendum.
1116 967 1218 1030 neque
1245 949 1470 1014 andabatarum

207 1093 295 1138 more
317 1074 475 1138 ventilabo
498 1073 553 1137 sed
576 1075 684 1153 aperte
706 1089 877 1151 aggressus
904 1071 1060 1153 pugnabo
1106 1068 1259 1134 Caecilius
1282 1069 1364 1132 enim
1387 1075 1472 1150 post·

207 1213 300 1275 quam
322 1195 495 1258 orationem
519 1211 581 1274 qua
596 1191 708 1272 grandi
731 1190 831 1255 elatus
847 1193 968 1272 impetu
983 1189 1098 1255 veteris
1116 1188 1277 1269 religionis
1296 1187 1471 1253 ferventem

211 1331 246 1376 se
268 1313 448 1393 praestabat
477 1311 697 1392 sospitatorem
728 1312 768 1376 ad
792 1311 887 1375 tinem
918 1311 1072 1392 perduxit,
1094 1307 1319 1388 indignationis
1348 1313 1472 1372 tumore

213 1433 351 1496 relaxato
372 1451 429 1514 per
450 1433 549 1496 rixam
571 1451 608 1496 ac
630 1431 859 1496 cavillationem
882 1431 1030 1496 renidens
1051 1429 1128 1494 haec
1149 1429 1237 1493 addit
1258 1447 1284 1491 c.
1308 1431 1347 1493 14
1369 1431 1473 1514 ecquid

208 1551 251 1612 ad
271 1550 342 1612 irasc
362 1551 452 1612 credet
473 1551 620 1625 Octavius,
642 1549 728 1612 bocco
751 1550 911 1613 Plautinae
926 1550 1103 1632 prosapiae,
1131 1559 1163 1609 ut
1179 1547 1330 1629 pistorum
1348 1549 1471 1629 praeci-

203 1693 286 1750 puus
316 1671 358 1730 r'ta
374 1681 545 1752 postrenus
561 1669 831 1752 philosophorum?
874 1669 924 1732 his
952 1669 984 1732 in
1013 1668 1118 1734 verbis
1148 1672 1181 1731 et
1206 1666 1370 1730 Plautinae
1400 1685 1471 1748 pro-

207 1790 313 1870 sapiae
334 1790 428 1854 homo
452 1795 483 1854 et
505 1791 642 1871 pistores
664 1789 781 1854 multos
803 1789 857 1854 diu
879 1792 1039 1865 vexarunt,
1063 1787 1128 1866 sed,
1150 1792 1186 1850 ut
1203 1785 1270 1850 fere
1285 1785 1328 1864 fit,
1347 1792 1470 1853 veteres

208 1908 323 1990 dialogi
345 1909 533 1990 interpretes
557 1910 596 1974 de
616 1910 759 1991 utrisque
781 1909 881 1974 multo
904 1909 1020 1972 rectius
1047 1911 1226 1972 statuerunt
1254 1928 1348 1990 quam
1376 1910 1469 1992 pleri·

207 2047 269 2109 que
291 2029 474 2106 recentium,
495 2030 548 2109 qui
568 2028 691 2093 fordter
711 2029 928 2106 emendabant,
952 2027 1036 2109 quod
1064 2046 1127 2092 non
1154 2028 1388 2109 intellegebant
1431 2030 1470 2094 de

207 2147 319 2212 ultima
349 2149 433 2210 enim
455 2147 541 2214 faece
569 2149 730 2214 collectam
760 2149 955 2230 plebeculam
987 2147 1185 2212 Christianae
1211 2147 1285 2212 fidei
1313 2149 1470 2214 addictam

211 2287 290 2346 esse,
312 2268 467 2332 litteratos
487 2269 631 2334 homines
651 2269 873 2350 elegantesque
892 2269 986 2349 longe
1005 2269 1045 2332 ab
1069 2287 1105 2332 ea
1127 2267 1297 2332 abhorrere
1319 2287 1391 2333 oum
1413 2270 1471 2334 im-

209 2394 402 2470 pugnatores
422 2389 583 2469 iactarent‚
601 2390 795 2455 Christianos
810 2391 869 2454 hac
890 2387 1018 2452 intamIa
1038 2407 1185 2470 aspersos
1200 2396 1236 2454 ut
1251 2391 1470 2455 contumeliam

207 2508 399 2588 repellerent
421 2509 510 2574 enixe
533 2529 662 2591 operam
685 2511 820 2588 dedisse,
843 2511 1033 2591 quicumque
1062 2509 1245 2591 apologetas
1274 2509 1470 2576 Christianos

206 2629 333 2709 proprie
352 2629 453 2693 dictos
471 2635 503 2694 et
516 2629 663 2711 Origenis
681 2631 778 2694 libros
799 2635 908 2694 contra
924 2629 1052 2694 Celsum
1072 2631 1173 2695 editos
1186 2631 1266 2694 hene
1286 2633 1369 2696 norit
1385 2633 1468 2698 ultro

207 2749 357 2813 concedet
378 2768 481 2830 neque
503 2751 637 2815 multum
666 2752 698 2815 in
721 2751 893 2832 plstoribus
922 2749 984 2813 illis
1007 2748 1156 2828 haerebit,
1183 2770 1254 2815 cum
1281 2754 1467 2833 praesertim

205 2869 308 2950 ipsum
335 2869 505 2934 Caecilium
527 2871 590 2935 iarn
613 2877 706 2935 antea
727 2872 766 2935 de
787 2871 912 2933 aradibus
934 2870 1183 2946 discretorum,
1207 2872 1373 2935 litterarum
1388 2897 1467 2956 pro-

199 2989 297 3071 fanis,
326 2993 491 3071 camertibus
519 2993 630 3054 articam
658 2993 747 3054 etiam
770 2992 965 3054 sordidarum
986 3009 1101 3072 magno
1125 2991 1321 3058 cumdolore
1340 3014 1468 3076 magna·

206 3125 267 3187 que
290 3127 360 3172 cum
383 3109 599 3190 indignatione
617 3109 757 3174 locutum
780 3127 851 3173 esse
873 3112 949 3194 (5,4)
971 3111 1160 3190 cognoverit
1203 3112 1340 3192 pistores
1361 3121 1466 3180 autem

206 3228 349 3307 maxime,
371 3248 435 3292 non
458 3228 536 3293 alios
551 3229 709 3310 quoslibet
730 3231 891 3310 operarios
907 3230 991 3311 quod
1012 3230 1098 3308 dixit,
1119 3231 1150 3294 id
1171 3237 1300 3312 propter
1316 3233 1466 3299 Plautum

205 3348 339 3428 pistrino
368 3349 395 3412 si
421 3350 470 3413 dis
499 3349 602 3430 placet
630 3349 790 3414 addictum
820 3369 839 3413 a
868 3350 1006 3414 Miuucio
1036 3355 1147 3430 argute
1181 3351 1358 3415 institutum
1394 3373 1465 3419 esse

205 3485 268 3546 quo
288 3467 357 3531 iure
378 3470 576 3548 contendant,
599 3487 658 3550 ego
674 3469 876 3534 vehementer
899 3469 1017 3548 dubito,
1038 3487 1109 3533 cum
1132 3469 1287 3550 pistorum
1304 3471 1462 3552 opificium

205 3605 245 3650 ne
256 3588 340 3668 apud
352 3597 472 3652 ceteros
486 3589 613 3670 quidem
626 3595 769 3653 auctores
781 3590 883 3653 bonae
893 3588 998 3653 famae
1008 3587 1107 3653 fulsse
1118 3589 1256 3654 videam:
1268 3591 1300 3654 in
1312 3591 1464 3658 Pisonum

205 3707 288 3770 enim
304 3709 440 3786 nomine,
462 3709 548 3789 quod
570 3729 589 3773 a
610 3711 783 3792 plstoribus
805 3716 930 3791 etymon
954 3709 1085 3774 traxisse
1101 3711 1197 3792 vulgo
1213 3711 1392 3776 statuebant
1414 3712 1465 3794 (cf.

204 3833 398 3910 auctpcueq.
412 3830 442 3890 iu
451 3830 514 3892 Pis.
527 3832 565 3894 16
580 3849 624 3911 sq.
634 3830 714 3894 Plin.
723 3855 751 3891 u.
761 3831 788 3893 b.
802 3831 914 3896 XVIII
928 3833 988 3914 10),
1000 3829 1099 3895 facete
1114 3830 1195 3894 ludit
1210 3837 1315 3896 orator
1328 3833 1465 3913 quidam,

203 3949 292 4012 cuius
319 3948 396 4014 haec
422 3969 441 4012 a
466 3950 658 4027 Quiutiliano
686 3952 764 4034 (inst.
787 3975 830 4015 or.
856 3953 904 4016 IX
927 3955 955 4026 3,
973 3955 1025 4034 72)
1055 3949 1229 4015 afferuntur
1257 3952 1368 4016 verba:
1405 3975 1464 4016 cuca

206 4067 349 4130 Pisonum
377 4071 610 4150 coepiscorum,
646 4078 678 4136 et
705 4072 744 4136 de
765 4071 904 4136 Favonio
934 4076 1058 4135 oratore
1089 4070 1199 4135 Cicero
1229 4070 1335 4135 Attico
1359 4072 1464 4137 iocose

205 4188 312 4252 scribit
334 4189 381 4269 (II
401 4191 427 4266 1,
444 4191 476 4272 9)
499 4208 573 4253 eum
590 4189 735 4254 Nasicam
758 4191 872 4254 honeste
885 4213 1035 4254 accusasse
1049 4214 1085 4253 oc
1103 4191 1218 4254 ruolesta
1232 4201 1329 4252 tomen
1344 4191 1463 4272 uicisse,

204 4309 243 4369 r'ta
277 4320 307 4370 ut
338 4308 442 4371 Rlucac'
475 4311 622 4373 videretur·
655 4312 741 4374 arcolis
769 4313 871 4394 potitus
905 4335 997 4396 quom
1030 4311 1147 4373 Moloni
1178 4333 1302 4390 operam
1340 4310 1460 4373 dedisse.

202 4427 321 4492 accedIt
354 4429 462 4508 etiam,
492 4430 577 4510 quod
614 4431 769 4512 pistorum
803 4431 990 4497 vocabulum
1029 4435 1159 4512 propter
1193 4430 1293 4511 ipsam
1327 4429 1462 4510 primam

204 4634 275 4699 apud
298 4635 432 4686 Homerum
454 4638 597 4690 uulnerata.
634 4641 715 4707 atque
742 4638 782 4691 ita
804 4638 919 4707 saepius.
955 4637 1001 4690 sed
1022 4636 1171 4690 Minucium
1194 4639 1222 4690 et
1245 4636 1407 4705 Cypriauum
1431 4653 1462 4694 ex

205 4721 339 4775 communi
358 4721 471 4790 pendere
489 4727 598 4777 auctore
617 4724 662 4793 qui
682 4725 859 4786 contenderit,
877 4725 965 4778 adhuc
982 4724 1106 4778 inventus
1124 4727 1166 4776 est
1184 4739 1269 4781 nomo,

331 4809 360 4875 1)
381 4808 448 4862 Mus.
467 4808 552 4863 Rhen.
573 4809 624 4865 rol.
642 4810 664 4863 L
684 4814 721 4876 (a.
742 4812 823 4878 1895)
841 4827 866 4884 p.
885 4811 935 4866 114
952 4827 1009 4888 sqq.
