3410 5408
875 403 916 468 20

268 598 295 650 et
314 609 413 650 sensus
442 611 564 672 capaces
593 600 619 652 et
651 589 761 652 habiles
784 600 985 670 procreatos,
1008 613 1059 652 nac
1082 591 1245 672 ,fortuna
1273 601 1434 654 nanctae
1464 590 1530 652 scd

267 718 402 770 natura
421 709 555 772 insitos
577 731 651 772 csse
673 710 899 790 sapientiam.
944 709 977 772 in
991 708 1041 774 his
1056 710 1156 772 insitos
1171 730 1199 774 v.
1219 728 1291 774 cum
1306 709 1372 775 fere
1387 709 1527 774 omnium

267 846 422 892 consensu
457 829 662 909 depravatum
690 827 851 905 habeatur,
877 829 930 892 alii
956 829 1047 893 aliter
1079 829 1147 894 loco
1178 830 1345 894 subvenire
1368 832 1529 906 conantur,

267 967 328 1029 qua
344 949 383 1012 de
398 966 432 1012 re
448 946 589 1012 conferas
601 948 720 1012 Halmii
739 948 990 1026 adnotationem
1005 948 1087 1012 inter
1102 949 1230 1014 insanos
1246 951 1300 1031 qui
1316 950 1403 1014 solus
1418 965 1529 1030 sapere

267 1067 327 1132 sibi
356 1068 444 1132 visus
473 1073 521 1132 est
549 1069 764 1150 interpolator,
795 1068 898 1132 deleto
925 1070 1026 1131 insitos
1052 1069 1205 1134 vocabulo
1232 1069 1369 1151 palmam
1395 1067 1456 1132 fert
1482 1068 1529 1132 iu·

267 1188 381 1252 saniae.
425 1194 529 1253 cetera
557 1189 699 1270 exempla
730 1190 757 1252 si
788 1187 949 1270 cogitabis
980 1187 1198 1254 concinnitatis
1221 1191 1320 1271 gratia
1343 1189 1528 1270 scriptorem

267 1307 475 1372 audacissime
497 1308 636 1373 locutum
666 1327 736 1373 esse
765 1326 889 1372 mecum
913 1311 1040 1372 statues.
1083 1311 1153 1388 20‚3
1177 1311 1317 1395 quiaquia
1337 1310 1445 1393 ,sumac
1466 1308 1529 1370 iicet

258 1430 404 1514 fingam,
437 1430 497 1492 iliis
530 1439 607 1492 crat
636 1429 755 1492 libaria
791 1428 929 1490 cuciicc.
989 1429 1251 1493 constructionem
1286 1447 1429 1510 graecam
1461 1427 1527 1491 sive

266 1567 335 1612 eam
362 1549 462 1614 mavis
493 1549 595 1614 dicere
625 1549 784 1629 uolgarem
815 1583 854 1592 -
886 1565 964 1628 quas
993 1548 1025 1611 in
1055 1547 1159 1611 latinis
1189 1549 1317 1628 quidem
1346 1547 1527 1612 auctoribus

265 1686 359 1749 aegre
379 1687 604 1750 nonnunquam
628 1669 796 1746 discernae,
826 1687 1015 1749 quamquam
1038 1667 1123 1749 apud
1145 1668 1317 1732 Minucium
1340 1668 1426 1749 prior
1447 1665 1526 1729 ratio

264 1789 368 1869 potior
392 1827 430 1836 --
454 1792 645 1871 quapropter
672 1787 850 1852 adhibuerit
879 1793 1018 1871 apparet.
1069 1789 1138 1864 21,l
1167 1787 1225 1848 Isis
1246 1789 1402 1869 perditum
1423 1787 1527 1871 ¹filiun

264 1908 340 1991 lupa
374 1909 492 1992 plangit
525 1911 537 1971 i
544 1909 668 1992 requici
675 1918 685 1968 t
742 1908 921 1987 inquirendi
954 1907 1085 1972 verbum
1118 1907 1178 1970 etsi
1209 1906 1262 1971 alii
1296 1923 1421 1989 quoque
1454 1923 1526 1969 auc·

263 2031 349 2091 tores
378 2046 449 2092 cum
479 2021 590 2109 quarto
623 2046 698 2092 casu
728 2027 930 2108 coniungunt,
960 2032 1067 2091 tamen
1095 2044 1130 2091 se
1163 2027 1294 2111 uriquicit
1322 2025 1416 2090 malle
1448 2023 1525 2088 Hal-

264 2147 347 2211 mius
385 2148 522 2226 adnotat,
557 2148 642 2228 quod
678 2148 710 2210 iu
748 2152 867 2210 textum
907 2148 1019 2228 recipit
1052 2147 1267 2228 interpolator.
1329 2123 1419 2224 23,12
1454 2146 1524 2208 deus

261 2363 337 2436 λόγον
354 2363 482 2439 σάνδεσμοί
500 2388 555 2430 τινες
574 2371 619 2422 τοῦ
639 2369 738 2440 ῥυθμοῦ
756 2364 785 2421 τὸ
803 2368 882 2423 ἐνδέον
908 2369 1153 2437 παραπληροῦσι
1171 2362 1200 2420 τὸ
1218 2361 1307 2438 εὔηχον
1325 2389 1350 2422 τε
1363 2371 1404 2422 καὶ
1420 2365 1523 2440 ἐναρμό-

261 2475 308 2507 νιον
326 2451 354 2506 δι’
375 2451 456 2508 αὑτοῖν
474 2453 607 2516 ἐντιθέντος
623 2457 655 2528 τῇ
672 2451 762 2518 συνάξει
775 2457 818 2524 τῆς
831 2456 925 2521 λέξεως,
940 2449 1017 2515 οὕτως
1029 2454 1091 2520 κτλ,
1110 2456 1143 2508 ei.
1158 2457 1239 2508 eiiam
1254 2456 1380 2510 Guilelmi
1394 2457 1524 2511 Schmidii

261 2543 323 2595 libri
340 2542 372 2596 de
392 2543 536 2597 Atticismo
556 2559 633 2611 quern
651 2543 728 2594 aiunt
746 2543 892 2610 conscripti
916 2543 967 2595 rol.
985 2542 1000 2594 I
1019 2559 1043 2610 p.
1064 2541 1121 2595 180.
1158 2543 1204 2593 scu
1231 2558 1298 2610 quae
1326 2541 1420 2597 Graeci
1444 2561 1523 2610 παροι-

261 2623 427 2698 πληρώματα,
446 2647 477 2682 ea
495 2629 588 2684 Cicero
607 2630 784 2693 complementa
803 2633 881 2682 vocat
899 2629 1025 2682 hocloco
1054 2631 1105 2691 (or.
1124 2628 1202 2687 aaut:
1232 2629 1302 2692 apud
1320 2629 1385 2678 alios
1403 2638 1482 2678 autem
1501 2639 1524 2678 et

262 2715 391 2765 Asiaticos
411 2735 521 2766 macerare
540 2735 638 2766 arcncero
656 2717 792 2765 servientes
815 2717 944 2766 inculcata
962 2717 1078 2780 reperias
1105 2715 1193 2764 inania
1211 2715 1331 2780 qrraedam
1358 2718 1435 2764 uerba
1452 2716 1526 2778 quasi

262 2803 489 2866 cocuplccucutu
515 2821 676 2852 cucumerarium.
721 2803 903 2866 Quintilianus
931 2802 1011 2854 moris
1034 2801 1080 2869 qni
1104 2804 1170 2854 tunc
1199 2801 1338 2854 obtinebat
1364 2802 1433 2854 acris
1451 2803 1522 2855 vitu·

261 2891 368 2956 perator
395 2891 567 2940 iustitutionem
593 2888 610 2941 l.
629 2887 669 2940 IX
686 2888 746 2951 4,58
765 2890 845 2938 otiosa
863 2890 987 2939 crocotula
1005 2889 1076 2937 adici
1094 2890 1174 2940 vetat.
1195 2917 1229 2925 -
1253 2887 1360 2943 Atium
1379 2887 1522 2956 scriptores

262 2973 332 3041 quod
350 2975 453 3028 ratione
471 2978 519 3028 aut
536 2973 683 3028 laudabant
699 2977 747 3026 out
765 2963 961 3042 vituperabant,
981 2975 1009 3027 id
1022 2990 1071 3026 usu
1086 2973 1275 3042 comprobatur
1292 2975 1460 3042 scriptorum,
1476 2976 1522 3044 qui

261 3063 310 3113 aut
323 3061 412 3114 nativo
427 3060 540 3130 quodam
555 3059 705 3126 elegantiae
719 3059 808 3112 studio
821 3061 935 3128 praediti
950 3064 1026 3114 erant
1044 3064 1092 3112 aut
1108 3059 1230 3127 putidam
1243 3059 1404 3112 affectabant
1416 3061 1522 3127 elegan-

262 3145 337 3199 tiam.
380 3147 465 3201 veluti
481 3146 610 3213 Xenopho
632 3145 659 3197 in
677 3145 801 3197 Hieronis
829 3148 933 3215 epilogo
962 3148 1060 3214 (lura)
1079 3149 1177 3198 tersam
1203 3146 1520 3214 concinnansperiodum

260 3225 357 3292 ἑκόντας
374 3234 463 3302 inquit
479 3225 535 3291 τοὺς
551 3229 709 3300 πειθομένους
728 3229 792 3300 ἔχοις
810 3227 839 3284 aiu
856 3233 896 3283 καὶ
914 3230 1061 3288 ἐθελουσίως
1080 3249 1123 3283 σου
1151 3233 1312 3298 προνοοῦντας
1329 3232 1416 3303 becio
1436 3225 1452 3284 ά
1458 3252 1485 3283 ν·
1503 3231 1522 3283 el

261 3317 288 3369 δέ
305 3337 338 3378 τις
355 3319 460 3380 κίνδυνος
477 3317 521 3384 εἴη,
540 3313 568 3369 οὐ
587 3310 734 3387 συμμάχους
749 3313 823 3388 μόνον
840 3312 906 3371 ἀλλά
925 3319 966 3370 καὶ
983 3313 1128 3389 προμάχους
1145 3318 1186 3369 καὶ
1197 3313 1341 3388 προθύμους
1360 3314 1460 3390 ὁρῴης
1478 3311 1521 3384 eir,

262 3408 290 3458 et
307 3406 335 3458 iu
355 3407 475 3472 Agesilai
495 3406 630 3475 prooemio
649 3405 712 3472 (aa)
733 3397 797 3456 aiore
815 3401 843 3456 ui
862 3404 980 3474 δευτέρων
998 3399 1205 3473 πρωτεύουσιν
1224 3400 1280 3458 ἀλλ’
1299 3399 1427 3474 ἡγεμόνων
1451 3401 1521 3472 ἠγε-

262 3484 436 3559 μονεῦουσι,
458 3509 525 3561 quae
540 3492 660 3560 exempla
678 3491 760 3543 allatu
774 3491 848 3544 video
864 3492 1103 3546 ailadermachero
1122 3509 1189 3545 mus.
1207 3492 1291 3544 Rhea.
1311 3493 1360 3545 vol.
1373 3493 1410 3546 LI
1423 3493 1520 3561 psam

258 3577 286 3629 id
312 3594 397 3644 genus
424 3580 539 3648 plurima
565 3579 593 3630 in
618 3578 733 3645 Gorgiae
752 3579 860 3647 scriptis
878 3580 1058 3642 inveniuntur,
1077 3580 1153 3633 cuius
1181 3580 1328 3632 arietantes
1355 3596 1416 3633 cum
1438 3596 1522 3648 usque

260 3665 293 3716 ed
310 3665 462 3717 litterarum
481 3681 636 3730 graecarum
654 3664 794 3718 interitum
813 3666 932 3734 polleret,
952 3667 1022 3735 apud
1040 3667 1139 3719 multos
1156 3665 1311 3734 posterioris
1324 3665 1422 3718 aetatis
1436 3667 1521 3734 scrip·

259 3754 331 3804 tores
349 3751 448 3804 similia
474 3752 609 3818 leguntur,
627 3750 702 3802 uelut
722 3751 793 3819 apud
819 3753 943 3818 ignotum
970 3753 1048 3806 Pauli
1067 3755 1095 3804 et
1114 3751 1228 3804 Theclae
1252 3754 1373 3804 actorum
1392 3749 1521 3803 editorem

259 3854 281 3891 a.
300 3837 317 3889 3
337 3845 375 3907 (p.
393 3839 443 3892 237
462 3837 550 3905 Lipu.)
569 3829 627 3888 εἶδεν
646 3833 673 3886 δὲ
690 3831 732 3886 τὸν
750 3835 849 3888 Παῦλον
863 3832 1002 3909 ἐρχόμενον,
1022 3829 1100 3906 ἄνδρα
1119 3831 1202 3907 μικρὸν
1220 3838 1262 3908 τῷ
1289 3835 1430 3906 μεγέθει,
1454 3829 1522 3905 ψιλὸν

258 3925 290 3996 τῇ
306 3923 408 3995 κεφαλῇ,
432 3919 540 3991 ἀγκύλον
558 3927 609 3984 ταῖς
634 3916 742 3992 κνήμαις.
789 3939 820 3976 ex
847 3924 939 3977 latinis
965 3923 1139 3992 scriptoribus
1167 3925 1254 3988 ipsum
1283 3924 1438 3977 Ciceronem
1457 3926 1520 3988 cito,

258 4027 336 4078 quern
357 4009 511 4078 saepissime
529 4012 581 4065 hac
607 4008 732 4078 loquendi
750 4009 862 4076 ambage
881 4027 958 4064 usum
977 4027 1033 4064 esse
1052 4012 1168 4073 constat,
1187 4010 1261 4062 velut
1287 4009 1315 4062 in
1334 4012 1455 4064 oratione
1479 4011 1521 4063 iu·

259 4096 347 4149 venali
366 4112 418 4164 qua
437 4096 496 4151 Sex.
513 4098 639 4151 Roscium
658 4093 777 4149 defendit
804 4097 877 4161 llil:
907 4108 982 4147 crant
1008 4099 1032 4146 ei
1056 4107 1153 4146 ueteres
1179 4096 1321 4147 inimicitiae
1349 4116 1401 4148 cum
1429 4099 1521 4149 duobus

260 4184 361 4234 Rosciis
378 4185 511 4246 Amerinis,
531 4203 630 4248 quorum
650 4185 755 4233 alterurn
773 4183 863 4233 sedere
891 4185 916 4234 iu
945 4194 1118 4234 accusatorum
1136 4184 1262 4234 subselliis
1289 4183 1388 4246 uideo,
1417 4185 1522 4255 aiterum

259 4273 310 4322 tria
323 4272 422 4321 iuiuscc
432 4271 545 4338 praedic
555 4271 687 4336 possidere
701 4271 764 4320 aud
772 4271 781 4320 i
785 4290 811 4331 ο,
831 4271 877 4324 ubi
895 4271 953 4324 vide
967 4287 1033 4338 quae
1046 4270 1159 4323 adnotat
1169 4269 1345 4338 Landgrafius
1359 4273 1387 4322 et
1405 4287 1472 4338 qnae
1490 4287 1521 4323 ex

259 4360 369 4410 auctore
380 4357 507 4411 librorum
520 4358 554 4410 ad
561 4357 723 4411 Herennium
737 4358 898 4426 scriptorum
905 4357 1023 4410 Marrius
1034 4357 1128 4425 (praef.
1136 4373 1161 4425 p.
1171 4357 1282 4425 86sqq.)
1292 4356 1387 4409 attulit
1396 4357 1519 4425 plurima.

257 4443 303 4496 sed
328 4443 422 4497 Cicero
450 4459 482 4496 ne
501 4459 562 4496 cum
587 4443 708 4496 inlustris
735 4442 842 4511 quidem
861 4443 1005 4496 haberetur
1032 4446 1060 4496 et
1078 4443 1172 4508 clarus,
1191 4443 1258 4494 talia
1277 4443 1384 4495 omnino
1412 4443 1520 4511 sprevit,

260 4529 379 4582 velutin
397 4529 516 4581 oratione
535 4529 693 4583 Catilinaria
710 4529 826 4582 secunda
844 4531 882 4596 (ll
901 4548 952 4578 cum
964 4531 1039 4590 illum,
1057 4528 1154 4596 inquit,
1174 4546 1205 4577 cc
1223 4529 1363 4579 occultis
1379 4530 1478 4578 insidiis
1496 4531 1521 4578 iu

259 4625 398 4680 apertum
421 4615 576 4665 lanicinium
595 4616 748 4676 corrasimus,
772 4617 847 4669 euius
866 4617 979 4684 exempli
996 4615 1162 4668 simillimum
1180 4613 1207 4667 id
1221 4614 1344 4684 estquod
1361 4616 1520 4668 multacum

257 4701 460 4770 reprehensione
473 4717 504 4754 er
518 4701 606 4766 Floro,
621 4702 721 4756 Asiane
734 4704 849 4770 quodam
867 4702 981 4765 rhetore,
998 4702 1096 4755 Seneca
1109 4703 1187 4769 pater
1204 4701 1281 4754 affert
1295 4702 1520 4752 conaovcrsiurum

256 4803 326 4841 nono
347 4788 440 4858 (2,24)ι
458 4789 559 4855 ruficleit
576 4789 640 4838 iuter
658 4790 786 4854 priuata
800 4790 897 4854 pocrrla
915 4789 1061 4854 prrlrlicae
1079 4788 1178 4837 securis
1197 4789 1275 4838 acies.
