3410 5408
824 398 864 461 29

739 487 949 494 ---———-

216 583 299 647 vices
327 583 484 662 decurras,
514 604 551 648 eo
573 585 723 649 maiorem
746 587 893 667 plausum
917 586 1028 650 tulisse
1050 585 1207 662 invenies;
1232 583 1376 664 Gregorii
1391 582 1478 647 theo·

215 702 280 784 logi
310 704 359 768 vel
389 705 493 802 Procli
522 707 661 786 episcopi
689 707 808 770 CPtani
838 707 996 770 orationes
1026 705 1109 786 lege,
1139 704 1210 785 lege
1232 704 1477 785 Byzantinorum

217 828 377 887 oratorum
396 824 541 890 homilias
563 826 601 890 ab
625 826 812 908 hymnorum
829 825 931 890 forma
946 825 1091 908 pertenui
1107 825 1286 888 discrimine
1302 827 1477 905 separatas:

216 950 359 1009 sescenta
382 950 493 1025 sponte
509 946 649 1010 invenies
665 947 808 1028 exempla
822 965 991 1026 veramque
1006 945 1170 1026 intelleges
1186 963 1365 1026 essequam
1381 963 1478 1026 supra

217 1066 279 1129 dixi
302 1065 539 1130 simihtudinem
567 1072 733 1148 poetarum
756 1067 931 1151 volgarium
961 1067 1022 1146 qui,
1057 1067 1131 1130 dum
1166 1066 1304 1129 carmina
1336 1069 1479 1146 pangunt

216 1183 475 1250 homoeoteleutis
490 1187 646 1268 insignita,
668 1186 811 1250 insolitas
827 1205 920 1268 saepe
935 1192 1090 1266 usurpant
1109 1185 1332 1250 vocabulorum
1352 1183 1478 1249 formae.

343 1308 371 1368 2.
405 1306 492 1370 Inter
527 1297 672 1391 σχήματα
702 1324 781 1387 quae
811 1307 968 1370 Minucius
997 1305 1174 1386 pingendae
1204 1305 1354 1368 orationis
1384 1323 1478 1368 causa

215 1423 358 1488 adhibuit
379 1426 513 1490 maxime
535 1426 651 1490 eminet
673 1427 757 1506 quod
785 1417 992 1488 ἀσύνδετον
1014 1425 1134 1502 Graeci,
1156 1425 1258 1488 Latini
1279 1422 1478 1504 appellarunt

217 1544 509 1610 dissolutionem
553 1545 780 1630 (Quintilianus
812 1547 876 1608 insa
908 1569 950 1609 or.
979 1546 1027 1609 IX
1057 1547 1150 1628 3,50).
1214 1563 1307 1625 quam
1343 1543 1476 1625 figuram

214 1663 295 1727 inter
317 1665 431 1726 lumina
453 1683 534 1745 quae
548 1664 644 1746 vulgo
665 1665 810 1728 dicebant
832 1665 982 1728 orationis
1006 1663 1137 1728 Cicero
1160 1669 1324 1727 enumerat
1343 1687 1385 1726 or.
1401 1666 1477 1727 135:

216 1807 281 1844 cum
312 1785 446 1866 demptio,
469 1785 578 1865 inquit,
608 1785 855 1848 continuationibus
884 1785 1021 1848 dissolute
1036 1785 1133 1867 pluro
1160 1785 1306 1860 ιίίοιιιιιιιν,
1335 1781 1414 1846 conf.
1444 1785 1480 1846 de

209 1914 294 1985 part.
315 1926 360 1966 ον.
382 1905 431 1967 21.
452 1906 501 1981 53,
531 1904 587 1967 ubi
607 1903 799 1984 perorationi
821 1921 890 1966 eam
913 1905 1047 1967 maxime
1070 1903 1188 1967 servire
1216 1901 1356 1983 exponit;
1383 1907 1477 1984 atque

214 2026 319 2102 aptam
342 2040 410 2085 cam
435 2040 514 2098 esse,
537 2041 608 2086 cum
631 2023 706 2102 quid
728 2023 897 2086 instantius
913 2015 1061 2100 dicamus,
1084 2041 1157 2085 nam
1180 2026 1212 2085 et
1232 2022 1356 2102 singula
1377 2023 1476 2086 incul-

215 2142 277 2205 cari
300 2146 331 2205 et
346 2141 435 2222 quasi
449 2141 541 2222 plura
562 2139 639 2220 fieri,
663 2140 934 2218 Quintilianus
957 2141 1084 2204 disserit
1104 2140 1161 2204 lc.
1184 2140 1358 2222 eodemque
1380 2141 1475 2205 modo

225 2327 435 2336 ψ

216 2440 380 2510 Aethiopum
407 2457 454 2494 rex
480 2441 601 2495 Amasidi
624 2440 758 2509 Aegyptio
786 2433 918 2508 ζητήματα
944 2439 1104 2507 proponenti
1131 2438 1169 2492 sio
1196 2438 1363 2507 respondisse
1391 2441 1477 2495 fertur

214 2529 250 2591 (c.
270 2528 286 2582 8
303 2543 329 2596 p.
351 2528 460 2590 153A):
488 2527 511 2577 τί
528 2521 705 2595 πρεσβύτατονς
730 2520 825 2594 χρόνος,
862 2525 884 2576 τί
903 2523 1029 2594 μέγιστονς
1048 2518 1146 2594 κύσμος.
1193 2525 1216 2576 τί
1234 2521 1395 2595 σοφώτατονς
1413 2523 1476 2596 σἰλή·

213 2612 277 2664 θεια.
305 2613 328 2664 τί
342 2607 485 2677 κάλλιστονς
503 2614 562 2682 φώς.
590 2614 613 2665 τί
631 2607 785 2676 κοινότατονς
802 2606 919 2671 ardeam.
952 2611 975 2662 τί
992 2605 1196 2680 ωἰρελιμώτατονς
1213 2607 1279 2673 θεός.
1310 2614 1333 2665 τί
1351 2610 1477 2684 βλαβερώ-

214 2717 301 2764 τατον;
328 2700 429 2770 δαίμων.
466 2701 489 2752 τί
514 2695 721 2770 βωμαλεώτατονς
748 2693 820 2768 τύχη.
857 2699 880 2750 τί
905 2697 1004 2768 βᾷστονς
1030 2691 1095 2764 ἡδύ.
1132 2699 1161 2751 in
1188 2703 1322 2768 postremo
1350 2702 1476 2756 vocabulo

213 2785 434 2840 Wilamouitzius
441 2789 531 2841 Herm.
542 2788 768 2857 vol.XXVp‚216,
779 2803 856 2856 quem
867 2803 913 2854 por
925 2787 1118 2852 grammaticae
1131 2786 1203 2851 leges
1216 2785 1359 2840 desiderari
1371 2788 1478 2842 videbat

214 2873 365 2937 articulum,
376 2874 529 2928 coniectura
543 2874 653 2930 addidit.
668 2891 720 2944 qua
738 2875 766 2927 in
785 2891 813 2926 re
831 2877 941 2943 propter
954 2874 1075 2941 exempla
1091 2889 1171 2940 supra
1190 2873 1272 2925 allata
1290 2874 1324 2927 ab
1342 2875 1389 2928 illo
1408 2877 1477 2930 mihi

213 2961 294 3014 liceat
312 2961 461 3022 dissentire,
481 2962 572 3015 confer
589 2963 671 3014 etiam
690 2962 849 3029 Dionysium
868 2960 899 3014 de
918 2977 1003 3028 comp.
1022 2959 1092 3012 verb.
1108 2961 1138 3014 11
1159 2958 1233 3028 μελος
1250 2957 1345 3028 ἔχουσιν
1364 2961 1388 3012 αἱ
1405 2961 1476 3024 λέξεις

213 3047 254 3098 καὶ
272 3041 369 3117 ῥυθμὸν
385 3047 426 3099 καὶ
445 3041 582 3117 μεταβολὴν
599 3050 640 3099 καὶ
657 3046 780 3116 πρέπον.
817 3048 867 3101 hoc
886 3048 943 3100 loco
962 3045 1106 3099 emendabo
1126 3062 1193 3114 quae
1211 3048 1282 3114 apud
1300 3049 1477 3104 Plutarchum

214 3134 377 3201 praecedunt
405 3135 497 3188 verbe:
524 3128 600 3186 ’ἀλλὰ
620 3129 679 3204 μήν’
700 3131 713 3186 ὁ
732 3129 866 3195 Νειλόξενος
884 3131 929 3202 ἔφη
947 3126 1001 3198 ’τὴν
1020 3130 1062 3201 μὲν
1080 3133 1124 3184 τοῦ
1142 3131 1259 3192 Αἰθίοπος
1284 3131 1385 3198 ἐπίταξιν
1408 3132 1477 3190 οὐδὲν

214 3212 244 3272 ἄν
259 3239 291 3280 τις
309 3213 373 3272 ἄλλο
391 3214 455 3286 πλὴν
474 3216 612 3290 ἀχνυμένην
630 3217 752 3286 σκυτάλην
769 3221 893 3289 προσείποι
910 3215 963 3271 κατ’
973 3215 1128 3288 ’λρχιλοχοκ
1146 3215 1160 3270 o‘
1179 3217 1206 3270 δὲ
1228 3213 1269 3280 σύς
1289 3220 1476 3284 (Periandrum

217 3306 374 3374 alloquitur)
404 3305 467 3367 ξένος
483 3301 580 3376 Ἄμασις
598 3301 752 3378 ἡμερώτερος
779 3305 803 3358 ἐν
829 3309 879 3365 τοῖς
905 3299 1020 3364 τοιούτοις
1045 3299 1203 3374 προβλήμασι
1232 3307 1272 3357 καλ
1300 3302 1477 3376 μουσικώτερος

216 3391 322 3460 γέγονεν·
349 3391 456 3444 ἐκελευσε
481 3387 529 3462 γὰρ
556 3387 629 3444 αύτύν
655 3391 723 3445 εἰπεῖν
746 3387 775 3444 τὸ
793 3387 957 3461 πρεσβύτατον
980 3392 1021 3442 καί
1047 3385 1075 3442 τὸ
1099 3387 1228 3443 κάλλιστον
1250 3395 1291 3444 καί
1313 3388 1342 3446 τὸ
1367 3395 1478 3465 μέγιστον

216 3475 303 3534 καὶτὸ
321 3476 467 3551 σοφώτατον
484 3483 524 3533 καὶ
543 3475 571 3534 τύ
590 3477 736 3544 κοινότατον,
754 3483 795 3533 καὶ
811 3482 849 3533 ναί
867 3474 902 3550 μοί
920 3481 965 3530 sla
982 3473 1041 3547 πρὸς
1059 3475 1151 3539 τούτοις
1169 3473 1198 3530 τὸ
1217 3474 1377 3550 ώφελιμώτον
1394 3477 1477 3534 καὶτὸ

127 3606 134 3616 .
217 3563 403 3636 βλαβερώτατον
429 3569 469 3619 καλ
487 3563 516 3620 τὸ
541 3563 703 3636 ἰσχυρότατον
728 3569 769 3619 καί
786 3563 815 3620 τὸ
844 3567 956 3638 ῥᾷστον
986 3561 1099 3619 εἰπεῖν’.
1135 3555 1243 3633 ’ἆρόύν
1270 3561 1412 3634 ἀπεκρίνατο
1436 3569 1477 3620 καλ

217 3654 309 3707 διελυσε
327 3651 421 3707 τούτων
439 3651 562 3716 ἕκαστον’ς
579 3649 674 3714 ὀὕτως’
694 3653 708 3706 ὁ
728 3649 862 3717 Νειλόξενος
880 3653 938 3724 ἔφη·
955 3651 1052 3722 ’κρίνετε
1075 3647 1095 3703 δ’
1115 3648 1179 3721 ύμεῑς
1197 3645 1347 3712 eccleciae
1367 3653 1419 3705 κτλ.
1448 3657 1476 3708 in

217 3743 259 3796 his
277 3741 345 3794 εἰπεῖν
362 3743 471 3796 verbum
489 3744 590 3810 primus
609 3772 639 3780 -
667 3743 743 3795 modo
763 3743 827 3796 fides
844 3741 966 3796 habenda
992 3742 1029 3794 sit
1056 3739 1200 3792 novissimo
1227 3739 1368 3794 Plutarchi
1391 3742 1475 3794 inter·

217 3830 332 3898 polatori
349 3859 381 3868 -
401 3829 499 3883 delevit
518 3830 682 3891 Hercherus;
702 3833 782 3898 atque
800 3828 867 3882 illud
887 3845 917 3881 oo
936 3845 987 3896 quo
1002 3827 1103 3894 legitur
1121 3827 1178 3880 loco
1197 3827 1306 3880 tolerari
1329 3843 1382 3880 non
1400 3845 1476 3896 posse

218 3917 304 3984 quivis
326 3917 407 3980 ridet,
426 3916 471 3969 sod
490 3933 542 3986 quo
561 3918 638 3970 modo
657 3917 744 3970 textrri
760 3917 926 3970 inculcatum
952 3915 997 3978 sit,
1025 3931 1077 3966 non
1105 3916 1222 3982 apparot.
1260 3913 1418 3967 emendandi
1435 3917 1478 3968 via
1580 3942 1582 3952 v

219 4003 369 4055 certissima
388 4001 530 4057 Plutarchi
558 4021 607 4057 usn
625 4009 802 4067 monstratur,
833 4004 920 4070 ipsum
947 4002 1014 4054 illud
1042 3999 1146 4054 dicendi
1164 3999 1272 4052 verbum
1299 4001 1326 4053 in
1354 4003 1391 4055 eis
1410 4019 1477 4071 quae

217 4092 366 4158 sequuntur
386 4088 560 4150 desideratur.
579 4107 663 4159 neque
681 4089 752 4143 enim
770 4089 942 4152 Plutarchus,
962 4105 1022 4141 cunr
1038 4089 1139 4141 totiens
1164 4105 1221 4140 seso
1239 4087 1375 4155 excipiant
1397 4089 1478 4142 collo·

218 4179 357 4248 quentium
385 4177 527 4241 orationes,
552 4178 606 4230 ullo
629 4178 686 4230 loco
716 4175 822 4228 verbum
851 4175 925 4238 illud,
953 4192 1004 4244 quo
1034 4174 1188 4227 indicantur
1207 4189 1381 4242 personarum
1399 4174 1476 4237 vices,

218 4266 319 4320 omisit.
356 4265 523 4320 scribendum
540 4265 637 4331 igitur:
656 4261 706 4316 ’καί
723 4257 752 4316 τὸ
771 4258 907 4333 ῥᾷστονῖ
943 4253 997 4331 ’ἆρ’
1027 4253 1099 4328 οὖν’,
1126 4253 1206 4313 εἶπεν
1225 4263 1274 4328 (ec.
1293 4256 1307 4311 ὁ
1325 4260 1477 4330 Περίανδρος,
1534 4293 1535 4296 =

218 4371 314 4407 nomen
343 4353 456 4407 dicentis
480 4353 605 4405 omissum
631 4355 721 4406 estut
749 4368 770 4404 c.
790 4351 806 4405 3
824 4368 849 4419 p.
871 4352 976 4412 leant,
1004 4345 1147 4417 ἀπεκρίνατο
1176 4351 1225 4415 (sc.
1254 4343 1397 4416 ὀλίθίοψ)’
1424 4349 1478 4401 κτλ.

218 4440 406 4494 vocabulorum
425 4441 487 4492 ordo
506 4439 630 4492 turbatus
649 4441 740 4492 estut
766 4455 787 4491 c.
807 4439 823 4492 3
841 4455 867 4506 p.
889 4439 938 4492 149
948 4437 979 4492 u.
1006 4437 1051 4490 nbi
1072 4435 1142 4506 quod
1159 4436 1187 4488 in
1208 4433 1343 4488 codicibus
1361 4434 1478 4489 traditur

218 4523 283 4597 ἀφείς
301 4524 315 4580 o'
333 4525 416 4594 Θαλῆς
436 4545 465 4596 με
489 4528 530 4577 καί
554 4519 688 4595 λαβόμενος
705 4526 748 4592 τῆς
776 4523 862 4577 ἐκείνου
880 4517 959 4592 χειρὸς
985 4518 1020 4592 ἐφ’
1046 4518 1061 4574 ύί
1084 4520 1126 4592 μὲν
1148 4520 1255 4587 ξΔιοκλῆς
1281 4514 1367 4571 κελεύει
1385 4515 1477 4589 δράσεις

217 4609 278 4665 καθ’
296 4610 401 4682 ἡσυχίαν
420 4631 435 4666 a
452 4613 587 4681 Xylandro
606 4613 713 4682 quidem
732 4617 761 4666 ot
778 4613 886 4666 Reislr‘ro
906 4614 1076 4664 emendatum
1095 4615 1149 4663 est:
1171 4601 1250 4678 χειρὸς
1269 4604 1339 4676 ἔφη’
1364 4603 1390 4659 ὀἳ
1409 4605 1475 4678 μὲν

217 4700 282 4767 κτλ,
301 4700 347 4755 sed
364 4700 392 4754 id
410 4704 503 4754 contra
521 4699 660 4768 scriptoris
679 4716 778 4754 morem
797 4699 902 4754 factum
922 4701 971 4762 est,
991 4697 1038 4766 qui
1056 4695 1160 4750 dicendi
1178 4695 1286 4748 verbum
1304 4696 1476 4764 sequentibus

218 4788 320 4852 inserit,
336 4804 390 4842 non
408 4787 560 4856 anteponit;
579 4787 721 4854 legendum
741 4787 840 4854 igitur:
860 4777 940 4854 χειρὸς
956 4779 983 4838 ὀἳ
1003 4778 1062 4853 μέν’,
1081 4780 1135 4852 ἔφη,
1152 4775 1271 4848 ’Διοκλῆς
1290 4779 1343 4832 κτλ.
