3410 5408
827 385 867 447 60

221 577 328 629 struem
349 569 518 649 aspicimus,
541 594 606 631 cum
630 582 710 634 tonat
725 573 867 654 fulprrrat
882 571 1030 655 fulminat
1052 589 1118 629 cum
1139 576 1262 627 serenat.
1306 567 1338 628 in
1361 565 1475 645 quibus

221 685 425 767 interpolator
453 687 506 751 ille
534 690 689 772 indiynuu'
712 710 740 754 v.
767 690 932 754 temeraria
954 707 1049 752 manu
1071 685 1201 762 induxit,
1223 685 1324 746 alaim
1354 705 1383 750 v.
1414 684 1474 747 sibi

222 811 402 887 suspectum
426 825 497 871 esse
519 808 690 887 blateravit,
714 809 769 873 scd
791 828 831 872 no
857 810 901 872 ita
927 808 1052 889 quidem
1079 807 1190 869 insana
1217 804 1285 867 eius
1312 803 1372 867 sibi
1401 821 1473 867 con-

222 925 302 988 stitit
330 927 490 1006 sapientia,
513 932 548 992 ut
576 929 669 992 tertio
698 947 822 1010 quoque
852 928 921 992 loco
950 928 1010 991 tria
1039 925 1176 990 efficeret
1207 923 1339 989 delendo
1369 922 1516 987 verba«

224 1044 279 1108 sed
301 1043 413 1108 horum
432 1047 644 1128 exemplorum
667 1066 736 1112 eam
754 1053 883 1130 apparet
898 1065 968 1112 esse
986 1047 1149 1123 rationem,
1164 1050 1199 1108 ut
1215 1044 1316 1125 prima
1332 1059 1475 1123 quaeque

222 1183 292 1228 cum
320 1164 447 1244 ultimis
468 1167 605 1231 secunda
627 1187 698 1232 cum
721 1169 821 1232 tertiis
843 1167 994 1232 vocabula
1016 1183 1132 1229 conexa
1153 1165 1217 1228 sint
1241 1167 1296 1227 aut
1318 1180 1395 1226 sono
1421 1169 1476 1224 aut

223 1282 447 1364 significatione
467 1291 521 1349 aut
539 1291 687 1368 utroque3
707 1288 768 1351 nisi
786 1287 866 1351 forte
884 1288 917 1350 in
934 1286 987 1349 illo
1008 1284 1149 1365 exemplo
1172 1283 1257 1363 quod
1280 1287 1473 1363 postremum

221 1404 320 1482 attuli,
351 1405 455 1468 verbis
488 1425 567 1486 quae
603 1412 677 1470 sunt
709 1418 789 1470 tonat
804 1407 946 1491 falpumt
968 1405 1116 1489 fulminat
1148 1402 1279 1466 tricolon
1310 1400 1399 1479 effici,
1429 1401 1474 1464 eis

225 1528 369 1604 quartum
403 1543 517 1604 magno
551 1543 621 1588 cum
645 1526 784 1606 pondere
817 1525 890 1588 addi
924 1522 1066 1587 censebis
1097 1544 1164 1582 curu
1196 1531 1310 1582 anenat
1341 1519 1476 1599 repetita

223 1643 455 1725 praepositione
479 1649 605 1724 propter
633 1645 666 1708 id
694 1645 807 1725 ipsum,
837 1651 873 1708 ut
900 1651 1046 1725 quartum
1077 1621 1207 1704 verbum
1238 1638 1476 1702 dirimeretura

223 1764 324 1827 tribus
351 1764 524 1845 prioribus:
557 1765 641 1845 quod
663 1766 768 1828 verius
801 1783 871 1828 esse
903 1764 975 1827 ideo
1000 1761 1195 1837 crediderim,
1219 1759 1291 1838 quia
1313 1757 1476 1839 rhythmus

226 1882 358 1946 creticus
381 1905 446 1943 cnm
468 1892 558 1956 tonat,
574 1883 725 1966 fulminat,
745 1882 892 1965 scindunt
922 1881 1057 1961 graviter
1084 1877 1270 1941 terminatur
1298 1875 1476 1940 ditrochaeo

223 2024 288 2064 nrm
311 2011 434 2064 securint.
481 2019 543 2081 qua
565 2001 604 2064 de
626 2020 660 2064 re
683 2005 753 2064 utut
775 2005 902 2078 statues,
924 2001 1064 2081 priorum
1095 1999 1229 2062 duorum
1259 2001 1342 2060 certe
1370 2014 1407 2058 ea
1429 1999 1478 2058 cst

226 2120 315 2198 ratio,
337 2124 373 2182 ut
395 2119 483 2200 quasi
505 2119 537 2182 in
572 2119 735 2183 decussem
768 2124 948 2183 transversa
980 2119 1083 2201 posita
1112 2118 1174 2181 sint
1195 2115 1353 2193 vocabula,
1383 2133 1476 2196 quam

224 2238 357 2319 figuram
380 2229 508 2323 χιασμὸν
526 2237 651 2301 infimae
672 2239 783 2302 aetatis
810 2237 981 2319 artigraphi
1008 2237 1110 2318 graeci
1138 2235 1342 2316 appellarunt,
1370 2253 1477 2315 quem-

224 2357 392 2422 admodum
414 2357 606 2437 aprioribus
629 2376 685 2421 scu
708 2358 826 2438 graecis
849 2375 904 2420 seu
927 2357 1031 2421 latinis
1053 2357 1208 2438 appellata
1230 2357 1270 2420 sit
1284 2356 1399 2434 nescio,
1421 2355 1477 2419 sed

224 2496 264 2541 nc
287 2495 402 2540 nomen
425 2476 552 2556 quidem
575 2477 603 2538 ei
624 2476 806 2557 impositum
829 2495 899 2540 esse
920 2477 1063 2554 arbitror,
1085 2495 1165 2558 quae
1186 2477 1267 2540 inter
1294 2473 1477 2538 elocutionis

224 2597 340 2679 figuras
361 2597 487 2677 proprie
509 2596 606 2660 dictas
629 2615 692 2660 non
714 2602 937 2660 recenseretur.
976 2615 1069 2676 quam
1093 2596 1216 2660 dicendi
1238 2596 1391 2659 rationem
1420 2593 1478 2656 Mi-

224 2717 335 2781 nucius
357 2720 519 2796 tantopere
541 2716 672 2794 deamat,
694 2721 729 2780 ut
750 2735 850 2797 paene
870 2717 1008 2780 taedium
1041 2714 1151 2779 afferat
1179 2715 1355 2796 legentibus
1377 2730 1478 2793 neque

225 2837 309 2917 apud
332 2835 430 2899 ullum
452 2839 611 2898 auctorem
635 2854 782 2916 graecum
803 2836 974 2900 latinumve
1001 2855 1108 2917 parem
1136 2836 1195 2899 sibi
1217 2835 1363 2899 inveniat.
1405 2852 1478 2897 nam

226 2958 279 3038 qui
300 2955 375 3020 talia
398 2957 467 3032 lat
487 2955 523 3016 sit
552 2954 657 3017 Thales
679 2955 813 3018 Milesius
835 2957 965 3018 omnium
982 2957 1111 3036 primus,
1133 2956 1186 3038 qui
1209 2955 1327 3035 primus
1348 2954 1479 3016 omnium

227 3077 449 3140 doctrinalibus
476 3076 643 3156 disputavit,
671 3077 740 3152 21,l
764 3075 824 3157 laps
850 3075 1055 3138 historicorum
1087 3075 1198 3156 scripta
1224 3074 1268 3136 nel
1292 3074 1404 3155 scripta
1430 3095 1479 3133 sa-

223 3197 376 3279 pientium,
399 3197 468 3273 22,1
490 3196 643 3258 considero
666 3197 789 3280 denique
809 3218 896 3258 sacro
917 3195 984 3277 ipsa
1006 3206 1031 3257 ct
1051 3195 1120 3276 ipsa
1135 3195 1282 3277 mysterio,
1305 3194 1396 3270 23,10
1418 3203 1479 3254 tor-

224 3317 327 3378 mentis
353 3317 456 3400 quibus
483 3326 508 3377 et
534 3317 638 3399 quibus
663 3316 819 3394 machinis,
848 3319 919 3394 35,4
943 3326 1100 3397 ptorantem
1125 3316 1256 3378 omnium
1290 3323 1316 3374 et
1345 3312 1476 3374 omnium

227 3438 392 3513 dominnm,
427 3438 474 3514 6,1
503 3459 568 3498 cum
598 3436 689 3518 initur
718 3446 769 3497 aut
792 3437 922 3520 fortuna
953 3459 1039 3498 coeca
1070 3447 1121 3497 ont
1151 3437 1261 3498 irrcsrta
1292 3443 1402 3494 natura
1434 3431 1478 3492 sit.

227 3559 275 3634 7,6
299 3558 371 3617 dant
392 3555 537 3618 cautelam
557 3556 835 3636 pertentaturos
862 3556 1016 3631 turdelam,
1039 3578 1121 3637 spem
1144 3556 1278 3636 adflictis,
1306 3554 1374 3629 21,1
1401 3551 1479 3613 Dic·

226 3677 284 3739 taei
305 3677 384 3739 Iouis
406 3687 431 3738 et
445 3677 597 3758 Apollinis
618 3675 768 3757 Delphici,
795 3686 820 3738 et
842 3675 975 3738 Plrnriac
1000 3675 1091 3736 Isidis
1116 3685 1141 3736 st
1169 3674 1284 3737 Cereris
1310 3673 1479 3748 Eleusinae,

229 3800 372 3860 sescenta
397 3796 552 3859 eiusmodi
578 3794 627 3875 (cf.
652 3795 804 3859 Seilerum
835 3814 865 3874 p.
888 3797 927 3857 22
950 3796 1028 3878 sqq.)
1057 3793 1149 3856 toties
1179 3792 1326 3872 posuerit,
1355 3795 1480 3872 praeter

230 3915 400 3979 Minucium
422 3914 555 3978 inveniri
576 3915 733 3977 neminem
756 3915 896 3995 spondeo
918 3932 954 3977 ac
976 3912 1133 3976 confirmo.
1181 3913 1265 3992 quod
1291 3931 1478 3993 quamquam

233 4035 383 4116 exemplis
404 4039 566 4098 auctorum
590 4053 771 4115 graecorum
794 4035 1023 4114 latinorumque
1039 4034 1253 4097 demonstrare
1275 4037 1480 4114 poteramus

228 4155 307 4218 lines
325 4155 519 4219 academicae
542 4155 662 4235 positos
684 4154 894 4218 dissertationi
915 4153 1008 4216 nimis
1023 4153 1145 4217 viderer
1166 4158 1380 4233 transgressus
1402 4171 1480 4230 esse,

229 4274 540 4356 praetermittendum
563 4291 633 4337 esse
656 4273 771 4337 censui.

355 4394 387 4477 d)
422 4393 525 4470 Quina
551 4393 702 4457 vocabula
735 4412 805 4457 cum
833 4393 980 4473 coniungi
1006 4391 1176 4468 inveneriS,
1203 4409 1240 4454 ea
1267 4396 1301 4453 tu
1330 4389 1481 4454 vocabula

229 4513 414 4594 plerumque
435 4514 479 4577 ita
501 4513 580 4578 strui
602 4513 691 4590 scias,
713 4518 749 4577 ut
770 4517 824 4576 aut
849 4511 959 4576 tricolo
986 4511 1120 4575 addatur
1147 4508 1269 4573 dicolon
1297 4514 1352 4572 aut
1381 4509 1481 4573 dicolo

229 4633 370 4698 tricolon.
412 4653 485 4698 nam
508 4639 544 4699 ut
562 4632 754 4697 Minucius
776 4633 824 4709 5,9
844 4634 959 4712 passim
987 4633 1095 4694 cadunt
1122 4629 1277 4712 (fulmina)
1304 4640 1414 4691 moutes
1435 4630 1481 4690 in-

230 4764 322 4818 ruunt
344 4755 499 4818 arboribus
520 4756 674 4818 incurrunt
699 4755 704 4836 Ι
729 4754 789 4815 une
811 4752 916 4815 dilectu
942 4761 1064 4834 tenpunt
1089 4751 1152 4813 loca
1179 4773 1266 4812 sacra
1291 4760 1317 4811 at
1333 4749 1482 4833 profana,
