3410 5408
799 395 839 457 39

427 576 443 640 Ι
468 577 484 639 l
508 576 612 638 ἐκεῖνοι
632 572 688 665 γὰρ
716 580 766 641 καὶ
787 571 992 666 ἀγαπήσουσιν

715 699 765 760 καὶ
787 689 1046 768 ἀκολουθήσουσιν

715 818 765 878 καὶ
788 818 834 880 ἐπὶ
854 811 910 891 τάς
932 809 1024 902 θύρας
1044 808 1180 890 ἥξουσιν·

716 937 765 998 καὶ
788 927 921 1022 μάλιστα
941 928 1130 1006 ἡσθήσονται

714 1056 764 1117 καὶ
785 1053 840 1118 οὐκ
862 1057 1024 1140 ἐλαχίστην
1044 1047 1129 1143 χάριν
1151 1059 1280 1118 ε’ίσονται

715 1176 765 1237 καὶ
786 1171 887 1238 πολλὰ
909 1171 1015 1261 ἀγαθὰ
1038 1174 1139 1248 αὐτοῖς
1161 1165 1306 1254 εὔξονται,

190 1292 263 1356 hinc
294 1293 411 1356 ibidem
445 1293 520 1375 (240
530 1294 572 1377 A)
604 1292 747 1358 Socrates
779 1295 811 1357 in
845 1297 950 1376 priore
984 1295 1124 1359 oratione
1153 1285 1334 1380 παρῳδήοας
1364 1291 1452 1355 dixit:

190 1405 309 1496 ἀγαμον
342 1405 445 1474 ἄπαιδ’
474 1406 584 1492 ἄοικον,
621 1412 694 1477 hinc
723 1414 755 1476 in
792 1414 944 1478 Convivio
974 1416 1046 1497 (197
1069 1414 1140 1498 DE)
1168 1412 1294 1494 Agatho
1323 1412 1355 1474 in
1385 1409 1449 1474 fine

193 1531 343 1596 orationis
365 1531 455 1611 quasi
476 1529 566 1595 furiis
593 1533 730 1614 agitatus
757 1534 916 1615 ingentem
940 1533 1127 1598 vociferatus
1157 1533 1259 1614 magis
1291 1550 1384 1612 quam
1406 1529 1452 1594 lo-

194 1655 286 1716 cutus
315 1656 364 1715 est
393 1652 614 1733 asyndetorum
644 1671 819 1731 numerum,
850 1672 929 1734 quae
959 1653 1105 1717 binorum
1135 1652 1186 1717 vel
1215 1658 1376 1716 ternorum
1402 1649 1452 1714 vel

194 1775 417 1852 quaternorum
447 1775 522 1834 sunt
542 1771 774 1850 vocabulorum,
797 1777 958 1836 ternorum
987 1772 1079 1836 haec:
1114 1773 1144 1833 ἐν
1167 1774 1281 1858 ἑορταῖς
1302 1771 1332 1832 ἐν
1353 1779 1453 1855 χοροῖς

194 1890 225 1951 ἐν
254 1889 371 1963 θυσίαις
403 1882 575 1976 γιγνόμενος
603 1883 725 1978 ἡγεμών
755 1897 787 1956 et
821 1898 932 1980 τρυφῆς
964 1887 1130 1979 ἁβρότητος
1162 1883 1285 1976 χλιδῆς,
1321 1890 1453 1974 χαρίτων

193 2007 292 2094 ἰμέροο
312 2000 411 2072 πόθου
434 2001 541 2096 naa-ip,
564 2010 641 2075 haec
663 2012 747 2075 enim
769 2012 846 2076 mihi
869 2013 1014 2078 videntur
1036 2029 1106 2075 esse
1130 2011 1177 2074 bis
1199 2015 1288 2074 terna
1302 2007 1454 2073 vocabula

190 2145 292 2207 neque
313 2127 388 2192 inde
410 2133 521 2215 τρυφῆς
543 2133 575 2193 et
596 2121 696 2194 πόθου
718 2131 879 2195 vocabulis
902 2131 1012 2196 deletis
1027 2136 1176 2212 quattuor
1191 2129 1364 2207 efficienda,
1379 2147 1452 2192 nam

190 2247 274 2327 quod
295 2239 391 2333 τροφοί,
414 2252 446 2311 et
463 2240 561 2322 πόθος
581 2250 665 2314 idern
689 2251 864 2332 significant
885 2257 979 2333 atque
1001 2244 1129 2338 ἁβρότης
1151 2256 1183 2316 et
1203 2253 1310 2337 ἵμερος,
1333 2250 1366 2313 id
1381 2269 1453 2314 con-

192 2365 262 2430 silio
291 2367 335 2430 ita
363 2366 539 2432 instituisse
560 2368 723 2434 Platonem
751 2372 903 2449 existimo,
930 2375 965 2435 ut
986 2370 1110 2452 Agatho
1141 2371 1272 2435 adderet
1298 2361 1454 2454 σχήματος

191 2485 279 2548 ἕνεκα
305 2477 443 2572 ὀνόματα
468 2485 770 2574 παραπληρωματικὰ
795 2483 881 2552 οὐδὲν
908 2491 1098 2575 σημαίνοντα,
1129 2509 1239 2572 graece
1269 2491 1352 2554 enim
1380 2489 1454 2553 talia

192 2607 293 2687 magis
310 2607 528 2687 exprimuntur
543 2626 636 2688 quam
652 2608 756 2673 latine.
786 2611 842 2674 sed
853 2610 943 2675 Plato
962 2616 994 2674 et
1007 2612 1076 2691 ipse
1091 2611 1146 2675 uhi
1165 2612 1340 2696 ἐμρατικῶς
1354 2609 1453 2690 loqui-

193 2731 252 2804 tur,
274 2725 333 2790 hac
354 2725 456 2807 figura
477 2729 619 2792 modeste
638 2748 716 2793 usus
739 2735 795 2808 est,
818 2735 853 2794 ut
875 2732 907 2794 in
930 2731 1074 2795 Phaedro
1089 2732 1162 2814 (247
1176 2731 1233 2815 D):
1258 2735 1378 2816 καθορᾷ
1400 2726 1454 2814 μὲν

189 2841 281 2916 αὐτὴν
315 2839 514 2928 δικαιοσύνην,
547 2855 667 2934 καθορᾷ
699 2843 734 2911 δὲ
763 2842 958 2937 σωφροσύνην,
989 2856 1108 2937 καθορᾷ
1140 2843 1176 2912 δὲ
1206 2841 1379 2934 ἐπιστήμην,
1412 2849 1445 2912 in

190 2969 299 3032 eodem
324 2970 399 3052 (246
415 2969 459 3053 D)
479 2964 516 3032 τὸ
539 2962 572 3030 δὲ
594 2976 677 3032 θεῖον
698 2965 792 3034 καλὸν
814 2966 905 3057 σοφὸν
927 2966 1045 3055 ἀγαθὸν
1068 2973 1117 3034 καὶ
1138 2975 1196 3032 πᾶν
1214 2968 1229 3033 ὅ
1252 2994 1284 3031 τι
1298 2974 1443 3050 τοιοῦτον,

189 3088 261 3152 vide
282 3088 368 3152 locos
390 3109 410 3152 a
432 3089 584 3154 Schanzio
607 3089 753 3154 collectos
775 3092 807 3153 in
835 3091 1058 3154 commentario
1087 3109 1180 3171 quem
1208 3090 1306 3155 edidit
1327 3089 1445 3171 Euthy-

189 3207 318 3288 phronis
341 3207 456 3289 dialogi
478 3209 520 3291 (p.
542 3212 635 3293 tra).
659 3248 697 3256 --
725 3211 774 3273 De
797 3210 1051 3291 Xenophonte
1080 3211 1152 3275 vide
1176 3210 1331 3275 Schachtii
1357 3209 1445 3273 libel-

188 3325 268 3405 lum,
295 3346 357 3408 quo
381 3328 510 3393 deeius
535 3329 648 3393 studiis
674 3328 837 3394 rhetoricis
860 3333 977 3412 optime
999 3331 1144 3412 exposuit
1165 3330 1318 3412 (Berolini
1341 3332 1445 3414 1890),

188 3467 218 3528 p.
232 3449 269 3511 17
286 3465 339 3528 sq.‚
360 3466 433 3512 nam
450 3449 635 3530 Xenophon,
650 3468 838 3530 quamquam
855 3450 948 3515 huius
964 3452 1087 3532 generis
1108 3469 1202 3532 saepe
1223 3451 1319 3514 habet
1337 3449 1445 3512 tricola

189 3560 287 3653 εὖχροι
309 3590 344 3630 τε
366 3571 416 3632 καὶ
438 3563 574 3655 εὔσαρκοι
596 3570 646 3630 καὶ
675 3562 816 3654 εὔρωστοί
845 3575 923 3649 εἰσιν,
947 3576 973 3632 οῖ
1002 3563 1029 3631 δ’
1056 3563 1160 3632 ἄπονοι
1190 3571 1390 3654 πεφυσημένοι
1409 3590 1445 3630 τε

190 3690 241 3750 καὶ
264 3690 379 3774 αἰσχροὶ
401 3691 451 3751 καὶ
472 3686 607 3763 ἀσθενεῖς
630 3688 841 3775 ἀναφαίνονται
861 3691 913 3771 (de
933 3691 1002 3754 Lac.
1022 3708 1087 3770 rep.
1100 3691 1171 3772 5,8)‚
1193 3689 1365 3770 asyndeton
1387 3687 1446 3752 hoc

191 3829 254 3874 uno
276 3809 606 3892 loco(exp.IIIl,19)
629 3810 753 3874 videtur
767 3810 929 3874 adhibere:
952 3808 986 3872 οὐ
1008 3815 1056 3870 νῦν
1079 3810 1183 3871 ἐκεῖνοι
1205 3801 1358 3894 παιόμενοι
1379 3829 1444 3870 κεν-

188 3922 325 4015 τούμενοι
346 3921 527 4017 ὑβριζόμενοι
548 3923 618 3992 οὐδὲ
640 3929 801 3994 ἀποθανεῖν
822 3938 848 3994 οῖ
869 3923 1016 4017 τλήμονες
1034 3922 1182 3992 δύνανται.
1228 3927 1334 3992 confer
1350 3927 1443 3991 etiam

189 4048 326 4112 Sohulzii
355 4050 554 4130 quaestiones
586 4069 715 4130 gramm.
744 4051 784 4115 ad
812 4051 955 4131 Xenoph.
983 4051 1176 4131 pertinentes
1204 4051 1321 4130 (progr.
1343 4047 1445 4111 Berol.

190 4170 293 4250 1888),
315 4187 344 4249 p.
368 4171 417 4234 20.
462 4169 647 4234 Oratores
669 4170 785 4234 attici
807 4189 844 4234 ea
865 4169 966 4250 figura
988 4170 1087 4233 multa
1114 4188 1185 4233 cum
1214 4169 1369 4232 modestia
1395 4168 1446 4232 usi

188 4293 270 4366 sunt,
292 4307 329 4353 ac
350 4289 390 4354 de
409 4289 665 4354 Demosthene
688 4290 814 4370 quidem
838 4309 918 4372 quae
940 4290 1106 4371 praeclare,
1129 4295 1165 4353 ut
1179 4290 1267 4367 solet,
1297 4289 1446 4353 disseruit

187 4413 295 4473 auctor
317 4408 606 4497 1111ο111περὶῦψους
628 4411 680 4491 (19
704 4413 771 4494 su),
793 4428 902 4475 eorum
924 4417 1045 4492 partem
1072 4410 1124 4474 hic
1145 4409 1277 4474 subieci:
1307 4402 1444 4496 ἄκρωςὴ

189 4528 235 4590 ἐπὶ
256 4523 352 4592 ταύτὸ
375 4521 496 4603 σύνοδος
515 4535 578 4591 τῶν
599 4521 764 4615 σχημάτων
786 4534 877 4593 ε’ίωθε
900 4541 993 4608 κινεῖν,
1009 4529 1083 4594 ὅταν
1097 4520 1150 4590 δύο
1170 4525 1271 4615 ἦτρία
1292 4525 1350 4592 οἷον
1366 4523 1447 4591 κατά
1469 4531 1472 4542 ’

171 4647 347 4732 ,συμμορίαν
369 4641 581 4735 ἀνακιρνάμενα
603 4641 745 4722 ἀλληλοις
768 4641 881 4735 ἐρανίζῃ
898 4644 954 4717 τὴν
974 4644 1057 4734 ἰσχὺν
1072 4645 1127 4719 την
1142 4643 1240 4712 πειθὼ
1266 4645 1303 4712 τὸ
1324 4640 1444 4728 κάλλος,

190 4760 275 4831 ὁποῖα
297 4769 347 4832 καὶ
370 4764 412 4828 τὰ
434 4773 473 4844 εἰς
494 4764 547 4830 τὸν
571 4763 695 4834 Μειδίαν
718 4770 794 4856 (72),
824 4779 890 4843 ταῖς
918 4767 1075 4860 ἀναφοραῖς
1102 4763 1176 4858 ὁμοῦ
1204 4771 1254 4834 καὶ
1278 4791 1316 4856 τη
1343 4762 1446 4834 διατυ-
