3410 5408
711 422 918 516 „AE-

187 595 271 667 πόλλ’
299 600 364 690 ἅμα
390 601 566 690 ἀπέτρεψεν·
592 596 709 678 ἐξουσία
736 597 878 674 συνήθεια
904 596 1015 691 καιρός,
1039 595 1114 676 δόξα
1136 595 1264 677 κίνδυνος
1291 603 1443 687 εὐσέβεια·

185 719 205 782 cl
230 714 304 795 ἰδίας
327 721 454 784 ἕκαστον
476 717 546 808 πρὸς
567 718 603 784 τὸ
628 723 743 808 ἐπέχειν
769 719 915 805 ὑπέβαλεν
938 724 1053 796 ἐννοίας.
1100 723 1157 786 sed
1185 742 1287 804 neque
1315 725 1347 789 in
1375 727 1443 790 Po-

186 841 307 924 lybio,
330 842 384 922 qui
407 841 569 906 rhetorum
591 841 744 906 lenocinia
774 843 900 923 sprevit,
930 843 1092 923 magnisve
1119 842 1180 906 illis
1211 843 1279 907 eius
1302 845 1371 909 aevi
1397 845 1443 909 in·

186 961 417 1044 scriptionibus
439 979 517 1042 quas
540 979 611 1026 cum
631 961 754 1043 Polybii
776 961 900 1026 dicendi
923 981 1037 1043 genere
1059 964 1137 1026 mire
1166 964 1344 1044 conspirare
1372 983 1443 1028 con·

186 1085 255 1160 stat,
279 1080 421 1162 exempla
441 1099 493 1144 me
514 1081 620 1162 legere
634 1081 763 1145 memini
771 1081 806 1167 1),
829 1101 930 1162 neque
945 1083 977 1146 in
993 1083 1140 1147 Antiochi
1156 1083 1442 1163 Commagenorum

187 1200 271 1278 regis
308 1205 512 1264 monumento
551 1200 606 1264 1110
649 1199 866 1279 celeberrimo,
907 1220 968 1282 quo
1006 1202 1142 1266 Asianae
1184 1202 1328 1268 dictionis
1369 1208 1444 1268 tnnc

186 1339 279 1400 quarn
307 1321 441 1416 maxime
470 1321 604 1402 vigentis
640 1320 798 1385 character
832 1320 975 1386 sufflatus
1004 1323 1214 1404 ampullisque
1241 1322 1442 1403 plenissimus

187 1439 304 1520 optime
335 1439 413 1504 mihi
441 1442 566 1506 videtur
602 1442 843 1523 repraesentari,
875 1442 966 1506 istius
1000 1443 1125 1523 quidem
1163 1443 1286 1508 dicendi
1320 1443 1443 1524 generis

186 1559 362 1640 exemplum
385 1561 582 1646 inveniturh.
625 1563 681 1627 sed
702 1562 798 1644 paulo
820 1563 911 1643 plura
933 1564 1017 1644 apud
1045 1582 1099 1627 eos
1121 1563 1277 1644 leguntur,
1303 1565 1357 1644 qui
1379 1563 1443 1627 dia-

185 1679 282 1742 tribas
311 1687 564 1762 composuerunt,
596 1680 702 1746 confer
724 1682 868 1748 Teletis
897 1683 974 1748 haec
1001 1686 1044 1766 (p.
1066 1685 1177 1767 41Η);
1200 1679 1235 1744 ἂν
1267 1677 1351 1770 δεῦρο
1381 1687 1443 1746 ἐπι-

186 1799 292 1869 κέηται
314 1801 406 1862 ἐνίοτε
427 1791 559 1886 πόλεμος
579 1799 687 1888 ἀπορία
703 1801 859 1888 ἀρρωστία,
882 1799 1029 1890 ἀναχώρει
1051 1809 1090 1877 εἰς
1106 1803 1282 1892 μονοσιτίαν,
1298 1809 1337 1876 εἰς
1354 1801 1444 1865 αὐτο-

186 1913 344 1998 διακονίαν,
368 1925 407 1994 εἰς
429 1921 565 2006 τρίβωνα,
588 1923 718 2005 ἔσχατον
740 1927 779 1994 εἰς
801 1914 875 2004 ᾅδου
898 1928 929 1986 01
953 1941 1033 2002 quae
1059 1921 1118 1986 hac
1145 1922 1184 1986 de
1210 1941 1245 1986 re
1272 1923 1444 1988 Muellerus

187 2039 417 2105 dissertationis
429 2038 650 2119 Friburgensis
662 2041 701 2104 de
713 2041 829 2105 Teletis
845 2041 1019 2104 elocutione
1033 2063 1059 2106 0.
1073 2045 1153 2106 1891
1170 2044 1302 2124 scriptae
1318 2047 1445 2125 ptdsq.

186 2160 368 2242 disputavit.
391 2199 430 2208 —
454 2159 501 2221 Ex
524 2160 658 2226 diatriba
681 2162 942 2225 declamationum
971 2181 1071 2243 genus
1099 2169 1243 2228 exortum
1271 2183 1349 2243 csse,
1373 2185 1443 2228 cum

185 2279 341 2343 Demetrii
369 2279 514 2343 Phalerei
542 2285 644 2344 aetate
674 2281 827 2346 exstincta
859 2281 958 2345 libero
991 2283 1232 2348 Atheniensium
1257 2303 1292 2347 re
1319 2285 1445 2365 publica

185 2399 364 2480 eloquentia
386 2399 425 2462 de
448 2398 622 2480 plenafori
643 2400 713 2465 11100
735 2401 768 2464 in
791 2401 915 2466 scholae
937 2403 1120 2466 umbracula
1147 2405 1317 2482 secederet
1349 2405 1444 2485 idque

185 2519 405 2584 scholasticum
429 2519 553 2584 dicendi
576 2537 675 2600 genus
698 2520 896 2584 delectationi
920 2522 1202 2603 exercitationique
1231 2542 1295 2586 non
1319 2524 1444 2588 veritati

185 2659 350 2705 causarum
373 2641 640 2721 certaminumque
662 2641 802 2705 serviens
824 2641 936 2706 fucatis
951 2649 984 2706 et
998 2645 1087 2724 quasi
1103 2644 1286 2708 meretriciis
1304 2645 1445 2709 vestibus

183 2763 367 2844 insignitum
397 2779 438 2824 ex
464 2760 724 2842 sophistarum
751 2760 924 2826 lontibus
952 2761 1119 2828 defluxisse
1147 2763 1256 2828 Cicero
1284 2765 1316 2828 in
1344 2765 1445 2829 Bruto

186 2902 315 2966 graecos
332 2889 458 2948 secutus
472 2887 615 2946 auctores
627 2881 820 2963 amplissima
836 2883 1046 2962 disputatione
1060 2883 1286 2947 demonstravit
1296 2886 1348 2962 (36
1358 2888 1446 2968 sqq).

187 3005 322 3085 Gorgiae
343 3004 440 3084 igitur
461 3003 584 3084 ineptas
606 3003 774 3068 verborum
797 3001 933 3080 facetias
956 3021 1160 3066 numerorum
1185 3002 1315 3067 fractam
1346 3005 1445 3068 molli-

186 3125 337 3202 tudinem,
359 3124 509 3188 orationis
532 3123 721 3187 lascivientis
737 3123 905 3204 pigmenta,
922 3123 1034 3187 studiis
1049 3123 1102 3188 1110
1118 3125 1244 3204 quidem
1259 3124 1445 3205 Atticorum,

187 3245 240 3326 qui
261 3243 390 3308 fuerunt
417 3244 491 3308 inde
513 3244 551 3308 ab
575 3243 858 3307 Alexandrinorum
880 3244 1188 3324 Pergamenorumve
1215 3249 1325 3323 aetate,
1351 3245 1446 3328 longa

187 3364 299 3428 obruta
320 3363 484 3442 oblivione,
506 3363 552 3428 1111
566 3362 709 3427 homines
726 3363 828 3427 denuo
846 3368 1042 3427 revocarunt.
1078 3365 1162 3445 quod
1183 3365 1443 3430 declamationum

187 3468 333 3549 studium
350 3489 382 3549 01
403 3485 488 3566 apud
511 3485 648 3548 Graecos
671 3489 702 3547 et
731 3484 816 3565 apud
843 3483 969 3547 Latinos
992 3484 1156 3564 Augustea
1182 3485 1317 3549 maxime
1343 3491 1445 3550 aetate

187 3606 325 3687 viguisse
360 3606 524 3670 Senecae
560 3605 684 3684 patris
723 3605 848 3685 scriptis
882 3604 1045 3668 rhetoricis
1079 3605 1256 3668 edocemur.
1311 3606 1338 3669 is
1377 3625 1445 3687 gra-

187 3727 334 3792 vissimos
357 3727 509 3808 quosdam
532 3727 571 3790 de
592 3725 712 3790 tricolis
735 3725 829 3790 habet
848 3724 942 3803 locos,
965 3725 1172 3806 nequeenim
1196 3726 1235 3790 de
1251 3743 1361 3805 graeca
1384 3726 1445 3790 dis-

311 3956 336 4019 1)
356 3954 429 4019 Quae
447 3953 574 4019 leguntur
591 3953 620 4006 in
637 3953 812 4022 inscriptione
824 3951 972 4005 Rosettana
991 3951 1067 4006 cler
1084 3953 1152 4006 4697
1171 3952 1247 4014 (anni
1266 3967 1289 4004 0.
1303 3952 1365 4006 Chr.
1380 3952 1443 4018 196)

185 4057 208 4094 v.
227 4041 259 4094 31
288 4035 346 4093 ἄνθ’
367 4027 402 4092 οἷν
421 4033 553 4091 δεδώκασιν
571 4034 640 4110 αὐτῷ
658 4038 680 4090 οἱ
700 4039 756 4090 decl
773 4035 860 4106 ὑγίειαν
877 4039 942 4104 νίκην
968 4033 1056 4106 κράτος
1084 4030 1213 4090 κα1τοίλλ’
1234 4031 1335 4108 ipsud
1353 4032 1445 4106 πάντα]

186 4127 265 4181 verba
290 4128 400 4181 fuerunt
427 4128 479 4181 rite
498 4130 635 4194 concepta,
664 4125 732 4179 conf.
751 4125 902 4179 Elaitarum
929 4125 1067 4179 decretum
1092 4125 1122 4178 in
1148 4126 1276 4178 honorem
1294 4126 1383 4178 Attali
1400 4125 1445 4178 ΙΙΙ

186 4214 258 4282 rogis
285 4214 512 4282 Pergamenorum
540 4211 625 4281 (apud
652 4213 838 4266 Fraenhclium
856 4229 882 4266 n.
901 4213 953 4267 246
970 4228 995 4264 ν.
1014 4213 1076 4278 31):
1105 4206 1251 4280 (δεδόχθαι)
1271 4204 1388 4280 εὔχεσθαι
1405 4212 1445 4264 νῦν

186 4303 264 4353 τεκαὶ
290 4300 320 4361 είς
337 4295 380 4354 τόν
405 4297 442 4354 ἀεὶ
467 4296 558 4369 χρόνον
584 4293 672 4351 διδόναι
690 4293 809 4350 Ἀττοίλωι
828 4293 982 4369 Φιλομήτορι
1007 4299 1047 4350 καὶ
1065 4294 1194 4367 Εὖεργέτηι
1218 4296 1304 4367 ὑγίειαν
1322 4299 1444 4368 σωτηρίαν

185 4389 250 4455 νίκην
266 4383 363 4457 κρότος,
383 4387 428 4441 nbi
445 4387 505 4442 vide
522 4387 710 4440 Fraenkolium
729 4391 768 4455 (p.
788 4387 860 4454 158).

290 4478 319 4541 2)
338 4474 482 4529 Periodum
501 4473 683 4528 trimembrem
702 4473 817 4540 Gorgiae
836 4473 1017 4542 Isocratisque
1036 4475 1093 4528 arte
1111 4475 1211 4528 factam
1230 4473 1336 4542 saepius
1354 4473 1444 4539 1101101,

186 4565 217 4616 111
234 4563 318 4618 1020
336 4557 364 4613 δι’
383 4557 400 4614 όί
418 4561 458 4612 κα)
484 4555 603 4620 κινδύνους
630 4555 750 4631 μεγάλους
777 4554 920 4628 παραδόξως
947 4559 1058 4628 διέφυγον
1084 4564 1125 4611 καὶ
1144 4553 1254 4627 πράξεων
1281 4558 1444 4611 δυσελπίστων

185 4642 329 4720 εὐμηχάνως
347 4641 499 4716 ἔπεαροίτησα
517 4648 557 4700 καὶ
575 4647 627 4716 βίου
645 4647 775 4707 πολυετοῦς
794 4647 949 4718 μακαριστῶς
971 4641 1131 4715 ἑπληρῶθην,
1158 4648 1190 4702 of.
1209 4647 1267 4700 lVa
1286 4648 1325 4701 13.
1344 4646 1409 4700 lvb
1421 4648 1443 4701 1.

187 4737 233 4791 sed
263 4737 295 4790 de
325 4737 376 4791 1100
404 4739 576 4790 monumento
604 4737 687 4790 etiam
705 4735 738 4790 ad
756 4735 893 4791 Ciceronis
922 4739 1007 4793 artem
1032 4735 1131 4790 rectius
1158 4731 1365 4802 intellegendam
1383 4748 1445 4800 gra·

189 4824 298 4881 vissimo
316 4823 380 4878 alibi
397 4822 517 4895 pluribus
535 4823 684 4898 disputabo.
1045 4833 1048 4840 ’
