3410 5408
839 397 857 457 7

217 577 404 659 interpretes
432 578 535 644 allatis
569 580 755 661 Hieronymi
785 579 973 660 quibusdam
1002 579 1079 644 locis
1107 583 1285 643 statuerunt
1312 580 1408 661 idque
1434 581 1481 644 in-

218 704 347 762 ventum
379 699 532 763 memoria
565 699 779 764 oblitteratum
814 699 970 779 Georgius
994 698 1112 763 Goetz
1148 699 1180 762 in
1212 701 1314 763 musei
1339 700 1482 764 Rhenani

216 822 302 880 tomo
324 817 482 882 tricesimo
508 823 629 898 quarto,
658 819 712 899 qui
738 818 842 882 editus
869 824 918 882 est
944 821 1085 897 altili),
1115 839 1145 901 p.
1166 821 1228 882 496
1257 820 1360 884 denuo
1390 838 1480 884 revo-

217 937 356 1002 cavitas
378 939 482 1020 sagaci
505 938 718 1020 disputatione
741 937 945 1016 confirmavit,
967 939 999 1002 id
1022 939 1107 1019 quod
1131 938 1301 1002 Schanzius
1325 939 1418 1002 etiam
1443 957 1479 1002 ex

217 1055 400 1120 Baehrensii
422 1056 615 1138 praefatione
631 1057 751 1121 discere
767 1057 914 1122 debebat:
937 1058 1085 1121 nimirum
1101 1062 1231 1139 propter
1246 1056 1370 1139 plautos
1386 1075 1480 1122 canes

217 1179 249 1238 et
269 1181 398 1257 propter
420 1177 525 1240 Plauti
546 1182 667 1258 poetae,
694 1180 730 1240 ut
752 1181 802 1240 cst
827 1177 858 1240 in
889 1176 1023 1241 Casinas
1048 1175 1189 1257 prologo,
1218 1175 1337 1240 latrans
1364 1195 1479 1240 nomen

217 1296 390 1360 causidicos
413 1315 538 1378 quoqne
559 1297 592 1360 in
613 1295 683 1360 loro
705 1296 856 1360 latrantes
878 1295 1043 1360 Plautinae
1065 1296 1230 1378 prosapiae
1258 1296 1402 1361 homines
1423 1315 1481 1379 per

216 1415 445 1480 cavillationem
468 1417 564 1497 vulgo
586 1415 800 1498 appellabant3
823 1415 982 1478 Minucius
1004 1413 1081 1478 Afer
1111 1414 1288 1478 causidicus
1315 1412 1375 1478 luit
1395 1417 1480 1498 (23),

217 1533 390 1613 Octavium,
415 1535 631 1600 dulcissimum
654 1536 784 1600 Minucii
807 1534 1073 1612 contubernalem,
1097 1539 1129 1597 et
1154 1533 1259 1614 ipsum
1288 1535 1352 1598 reis
1382 1534 1480 1599 fuisse

214 1653 405 1732 praesidium
433 1654 487 1719 illo
516 1655 555 1718 de
582 1674 644 1736 quo
671 1656 774 1736 agitur
801 1655 871 1719 loco
902 1655 1067 1719 docemur:
1101 1671 1140 1716 en
1169 1652 1228 1716 tibi
1250 1654 1478 1718 causidicorum

215 1774 403 1838 nutriculam
428 1774 577 1840 Africam.

340 1895 446 1976 Atque
475 1896 551 1960 haec
582 1896 708 1976 quidem
739 1894 816 1958 mihi
847 1869 883 1958 ut
915 1894 947 1956 in
974 1893 1136 1974 prooemio
1168 1893 1250 1957 dicta
1279 1899 1386 1958 sunto:
1417 1895 1480 1958 iarn

215 2013 255 2076 ad
276 2032 342 2077 rem
359 2015 460 2095 ipsam
476 2016 599 2080 accedo.
630 2016 685 2079 sed
708 2020 806 2079 totam
823 2015 1037 2097 quaestionem
1058 2018 1227 2079 retractare
1249 2013 1335 2077 nolo:
1354 2015 1480 2080 omissis

215 2136 261 2194 eis
294 2151 374 2213 quae
402 2153 473 2198 cunr
502 2135 626 2215 singula
647 2155 710 2200 non
739 2137 802 2200 sint
829 2135 1003 2200 certissima
1031 2133 1178 2197 universa
1205 2133 1340 2196 multum
1367 2135 1480 2215 valent,

216 2253 330 2332 quibus
358 2255 558 2343 potissimum
583 2256 686 2320 causis
709 2256 864 2320 adductus
887 2273 996 2319 eorum
1020 2253 1217 2331 sententiam,
1240 2271 1302 2334 qua
1323 2253 1480 2320 Minucius

214 2372 407 2438 Tertulliano
427 2375 514 2455 prior
535 2374 634 2439 luisse
657 2377 813 2454 statuitur,
837 2395 942 2441 veram
967 2393 1038 2438 esse
1052 2373 1130 2436 mihi
1151 2374 1372 2453 persuaserim,
1388 2395 1480 2456 argu-

214 2493 329 2556 mentis
352 2494 540 2574 quibusdam
564 2495 678 2560 additis
700 2515 781 2578 quae
803 2497 844 2561 ad
865 2496 991 2559 illorum
1007 2495 1145 2558 rationes
1162 2491 1392 2558 confirmandas
1407 2500 1481 2576 apta

216 2628 287 2674 esse
310 2630 432 2692 censeo,
456 2633 548 2696 quarn
571 2619 683 2696 potero
705 2616 891 2681 brevissime
910 2633 1073 2697 exponam.

341 2733 569 2798 Lactantius
593 2735 649 2798 dio.
672 2737 737 2798 irael.
760 2737 819 2801 Vi
844 2738 898 2801 ubi
926 2755 981 2800 eos
1009 2738 1174 2800 enumerat
1201 2733 1255 2814 qui
1284 2733 1480 2799 Christianae

215 2850 288 2915 fidei
315 2855 523 2934 patrocinium
547 2861 759 2936 susceperant,
787 2857 923 2936 primum
947 2857 1131 2934 Minucium,
1162 2855 1335 2920 secundum
1358 2855 1479 2919 Tertul-

215 2971 343 3050 lianum,
366 2976 493 3038 tertium
516 2975 656 3038 nominat
671 2976 857 3040 Arnobium.
897 2971 943 3040 ‘at
958 2995 1020 3040 non
1038 2977 1198 3058 temporis,
1218 2976 1326 3055 inquit,
1342 2977 1481 3040 rationes

217 3093 359 3172 sequitur
381 3095 437 3158 sed
465 3114 527 3176 quo
555 3096 687 3176 quisque
718 3097 830 3160 ceteris
858 3097 1015 3179 praestitit
1042 3101 1300 3177 argumentorum
1330 3097 1479 3177 pondere,

217 3231 254 3276 eo
276 3213 329 3276 ille
351 3213 383 3277 in
406 3215 620 3278 enumerando
649 3216 748 3280 utitur
780 3215 909 3281 ordine'.
961 3218 1058 3281 immo
1088 3216 1261 3280 Minucium
1291 3216 1351 3280 hoc
1380 3235 1478 3280 unum

216 3333 296 3396 libro
319 3353 377 3398 suo
401 3335 577 3399 declarasse
600 3336 682 3415 dicit,
712 3356 805 3418 quam
836 3339 970 3402 idoneus
993 3337 1134 3402 veritatis
1163 3343 1300 3400 assertor
1327 3355 1397 3401 esse
1423 3356 1479 3417 po·

217 3454 338 3532 inisset,
361 3456 387 3519 si
411 3473 445 3519 se
469 3461 569 3519 totum
593 3457 689 3521 adid
718 3458 858 3522 studium
888 3457 1086 3522 contulisset:
1113 3459 1188 3522 inde
1215 3476 1287 3521 eum
1312 3475 1375 3521 non
1403 3457 1480 3520 satis

217 3573 408 3639 celebritatis
428 3577 596 3640 invenisse.
637 3571 690 3655 ‘at‚
714 3583 749 3641 ut
770 3578 873 3642 solent
895 3578 1056 3642 rhetorum
1079 3578 1143 3656 filii,
1162 3577 1354 3660 gradationis
1379 3575 1480 3658 figura

219 3713 295 3759 usus
329 3715 348 3760 a
379 3698 519 3778 pessimo
557 3697 698 3762 ascendit
737 3698 777 3762 ad
813 3697 988 3780 optimum'.
1043 3699 1099 3762 sed
1130 3698 1306 3762 Arnobium
1344 3699 1387 3761 ita
1416 3717 1479 3762 non

216 3814 331 3893 laudat,
355 3824 390 3880 ut
416 3823 545 3898 propter
567 3817 824 3900 intempestivum
856 3817 1047 3882 defensionis
1078 3836 1177 3898 genus
1206 3817 1407 3882 vehementer
1433 3817 1479 3880 in-

218 3943 332 4016 crepet.
375 3941 474 4001 restat
495 3937 599 4017 igitur,
621 3945 656 4002 nt
676 3940 829 4020 temporis
852 3939 991 4002 rationes
1013 3939 1208 4002 Lactantium
1238 3943 1380 4002 secutum
1410 3955 1480 4001 esse

218 4064 401 4123 statuamus.
441 4051 487 4120 ‘at
509 4057 614 4120 obstat
628 4059 813 4139 Hieronymi
828 4057 1051 4135 testimonium,
1067 4058 1121 4137 qui
1141 4059 1222 4120 inter
1238 4059 1321 4122 viros
1340 4059 1478 4122 illustres

218 4199 312 4262 saepe
334 4179 506 4244 Minucium
529 4184 602 4260 post
616 4177 842 4242 Tertullianum
865 4174 973 4258 ponit'.
1017 4183 1093 4241 sane
1110 4177 1169 4241 hoc
1184 4178 1370 4261 Hieronymi
1392 4179 1478 4242 testi-

218 4303 324 4365 monio
347 4299 483 4364 conlisus
506 4299 626 4380 primus
642 4299 771 4363 Minucii
794 4299 895 4362 editor
918 4298 1024 4378 etqui
1047 4316 1119 4360 eum
1142 4299 1240 4362 secuti
1256 4303 1330 4362 sunt
1349 4299 1478 4380 plurimi

218 4421 390 4485 Minucium
419 4425 520 4484 aetate
544 4419 751 4501 posteriorem
781 4417 879 4483 fuisse
908 4418 1100 4482 Tertulliano
1128 4418 1393 4495 existimaverunt,
1421 4417 1478 4481 sed

218 4541 311 4605 hodie
332 4541 459 4622 quidem
484 4541 523 4604 de
545 4541 739 4620 Hieronymo
761 4537 910 4603 historiae
931 4540 1105 4603 litterarum
1130 4557 1200 4602 cum
1228 4556 1388 4601 sacrarum
1410 4541 1477 4600 tum

219 4661 425 4735 saecularium
459 4665 587 4723 auctore
620 4660 720 4724 multo
758 4659 849 4723 aliter
881 4661 1020 4725 iudicare
1056 4659 1290 4723 consuevimus:
1325 4658 1354 4722 is
1385 4657 1477 4736 enim,

222 4781 364 4862 quamvis
386 4780 480 4846 fuerit
503 4781 584 4846 inter
605 4780 719 4848 latinos
741 4781 890 4847 ecclesiae
912 4781 1080 4863 scriptores
1103 4785 1138 4842 ut
1159 4779 1240 4842 inter
1264 4795 1392 4862 graccos
1408 4775 1477 4842 Ori-
